3182 4602
1270 462 1329 511 T.
1369 462 1693 513 LVGRETI
1730 461 1907 513 CARI

529 673 871 738 dimidiam
907 682 1164 754 partem
1199 697 1318 739 nec
1353 697 1456 740 res
1491 676 1839 755 praefiniet
1874 678 2031 740 ulla.

441 803 686 862 —ergo
716 805 938 848 rerum
971 785 1147 848 inter
1178 807 1499 849 summam
1532 787 2000 865 minimamque
2035 787 2196 865 quid
2230 787 2433 850 escit?

527 893 627 955 nil
658 893 784 957 erit
814 902 892 957 ut
924 895 1158 973 distet3
1191 917 1344 959 nam
1376 897 1681 974 quamuis
1711 897 2022 960 funditus
2055 897 2264 960 omnis

526 1024 781 1067 summa
813 1004 899 1067 sit
931 1004 1210 1082 infinita,
1244 1013 1484 1082 tamen,
1518 1007 1916 1084 paruissima
1946 1027 2112 1085 (11188
2144 1014 2320 1084 sunt,

529 1135 608 1177 ex
643 1113 923 1176 infinitis
957 1117 1350 1179 constabunt
1387 1116 1692 1194 partibus
1728 1137 1950 1194 aeque.

529 1225 705 1302 quod
740 1224 1049 1301 quoniam
1085 1225 1258 1287 ratio
1292 1227 1607 1288 reclamat
1638 1246 1800 1289 uera
1834 1234 2159 1304 negatque

528 1334 793 1397 credere
826 1354 1012 1412 posse
1044 1333 1356 1411 animum,
1389 1335 1611 1398 uictus
1642 1335 1897 1400 fateare
1929 1343 2248 1399 necessest

530 1464 664 1506 esse
695 1465 771 1506 ea
800 1464 966 1521 quae
997 1444 1200 1506 nullis
1231 1443 1362 1507 iam
1394 1446 1704 1522 praedita
1733 1445 2037 1523 partibus
2069 1452 2327 1522 extent3

530 1560 594 1615 et
625 1553 897 1616 minima
931 1561 1235 1617 constant
1269 1561 1532 1618 natura.
1610 1575 1776 1632 quae
1810 1555 2120 1632 quoniam
2154 1563 2328 1631 sunt,

530 1663 648 1725 illa
677 1683 932 1740 quoque
962 1685 1096 1728 esse
1126 1664 1251 1726 tibi
1282 1665 1494 1728 solida
1521 1671 1720 1742 atque
1752 1672 2021 1728 aeterna
2052 1665 2420 1729 fatendum.

570 1773 956 1851 —Denique
988 1774 1045 1836 si
1077 1774 1381 1836 minimas
1416 1775 1486 1836 in
1519 1775 1733 1852 partis
1767 1782 2007 1838 cuncta
2039 1775 2280 1838 resolui

529 1902 756 1960 cogere
792 1891 1159 1947 consuesset
1197 1905 1418 1947 rerum
1454 1891 1701 1948 natura
1732 1885 2039 1962 creatrix,

532 1992 664 2054 iam
694 1993 792 2054 nil
825 2014 903 2055 ex
936 1994 1070 2055 illis
1099 1995 1324 2057 eadem
1357 2015 1670 2073 reparare
1702 1996 1956 2058 ualeret

534 2110 885 2180 propterea
921 2103 1096 2181 quia,
1132 2125 1298 2181 quae
1333 2104 1536 2167 nullis
1571 2110 1728 2167 sunt
1764 2104 2069 2182 partibus
2104 2111 2318 2181 aucta,

532 2232 664 2274 non
694 2220 969 2290 possunt
1001 2233 1076 2276 ea
1107 2234 1272 2291 quae
1306 2215 1496 2276 debet
1529 2214 1836 2292 genitalis
1866 2215 2105 2278 habere

531 2323 856 2399 materieS,
888 2324 1110 2386 uarios
1143 2344 1426 2387 conexus
1459 2326 1755 2402 pondera
1788 2326 2018 2403 plagas

534 2453 888 2496 concursus
922 2440 1138 2495 motus
1173 2454 1291 2510 per
1327 2454 1487 2511 quos
1522 2455 1627 2496 res
1661 2455 1955 2511 quaeque
1992 2441 2338 2512 geruntur.

1167 2623 1469 2673 CONTRA
1513 2624 2019 2674 HERAGLITVM
2052 2666 2059 2673 .

662 2713 1085 2790 Quapropter
1120 2713 1234 2789 qui
1267 2713 1607 2775 materiem
1642 2734 1864 2776 rerum
1898 2733 2029 2776 esse
2065 2720 2394 2791 putarunt

534 2823 752 2899 ignem
785 2828 982 2900 atque
1015 2845 1094 2886 ex
1126 2822 1266 2900 igni
1300 2843 1620 2885 summam
1653 2822 2003 2887 consistere
2037 2824 2189 2900 solo,

533 2953 774 3010 magno
806 2952 1000 3010 opere
1035 2954 1073 2995 a
1104 2953 1266 2995 uera
1299 2932 1470 3010 lapsi
1504 2932 1761 2995 ratione
1795 2932 2131 2995 uidentur.

531 3041 919 3105 Heraclitus
954 3042 1078 3106 init
1117 3063 1395 3120 quorum
1434 3043 1571 3104 dux
1609 3041 1863 3119 proelia
1897 3042 2169 3119 primUS,

533 3154 752 3216 clarus
797 3163 860 3223 <
872 3153 1025 3223 ob>
1070 3154 1411 3216 obscuram
1445 3153 1744 3230 linguam
1780 3151 1989 3229 magis
2025 3151 2199 3214 inter
2236 3150 2455 3214 inanis

536 3263 816 3338 quamde
848 3261 1074 3339 grauis
1104 3262 1279 3322 inter
1312 3263 1542 3325 Graios
1575 3262 1690 3341 qui
1722 3282 1884 3325 uera
1916 3261 2285 3338 requirunt.

536 3371 755 3435 omnia
787 3371 959 3432 enim
993 3370 1218 3433 stolidi
1251 3371 1458 3448 magis
1492 3373 1915 3435 admirantur
1947 3377 2319 3448 amantque,

535 3481 818 3544 inuersis
849 3502 1014 3558 quae
1047 3482 1168 3543 sub
1201 3481 1423 3543 uerbis
1454 3481 1793 3544 latitantia
1826 3487 2127 3557 cernunt,

536 3611 824 3668 ueraque
861 3591 1275 3653 constituunt
1313 3611 1477 3667 quae
1512 3591 1678 3652 belle
1715 3597 1985 3667 tangere
2024 3596 2299 3668 possunt

458 3760 464 3763 ,
536 3700 719 3764 auris
749 3707 812 3763 et
841 3701 1064 3777 lepido
1093 3721 1259 3778 (11188
1290 3706 1444 3763 sunt
1477 3700 1708 3763 fucata
1737 3720 1986 3762 sonore.

575 3810 832 3872 —Nam
866 3830 983 3872 cur
1017 3816 1154 3872 tam
1186 3808 1413 3871 uariae
1446 3828 1549 3870 res
1581 3816 1845 3886 possent
1881 3829 2034 3885 esse,
2071 3808 2352 3885 requir0‚

537 3942 616 3983 ex
647 3939 784 3982 uno
814 3919 870 3981 si
899 3926 1053 3981 sunt
1087 3918 1228 3996 igni
1259 3938 1556 3995 puroque
1588 3921 1889 3981 creatae?

558 4053 659 4101 626
681 4052 826 4111 vulg.
861 4054 1123 4101 constent

558 4122 660 4170 634
681 4120 826 4180 vuly.
860 4133 995 4183 quae

1543 4235 1658 4286 [22]

2744 893 2849 943 620

2743 1443 2847 1493 625

2745 1992 2846 2041 630

2745 2711 2847 2760 635

2746 3259 2845 3309 640

2747 3804 2846 3853 645
