3182 4602
1107 383 1210 432 DE
1247 381 1510 432 RERVM
1547 383 1855 432 NATVRA
1902 383 1981 432 1⁷1

522 616 556 657 e
587 596 850 674 regione
881 617 957 660 ea
989 599 1162 676 quod
1195 599 1337 662 loca
1367 619 1516 661 cum
1547 619 1787 661 uenere
1821 600 2137 676 uolanteS,

523 707 780 785 remigii
815 708 1054 771 oblitae
1087 729 1457 786 pennarum
1490 710 1641 771 uela
1675 708 2025 772 remittunt

523 816 1046 896 praecipitesque
1079 819 1327 881 cadunt
1361 818 1542 881 molli
1577 818 1831 882 ceruice
1868 817 2181 897 profusae

522 927 593 988 in
623 933 890 1003 terram,
922 927 978 990 si
1011 927 1186 991 forte
1217 928 1312 991 ita
1347 927 1480 991 fert
1513 935 1758 991 natura
1788 929 2097 1005 locorum,
2740 925 2845 974 '745

519 1043 638 1100 aut
671 1037 742 1098 in
775 1057 1032 1116 aquam,
1067 1037 1122 1100 si
1159 1037 1332 1102 forte
1366 1039 1549 1101 lacus
1580 1040 1957 1101 substratus
1988 1037 2265 1101 Auerni.

559 1232 714 1294 —Is
746 1233 928 1296 locus
959 1238 1056 1296 est
1091 1233 1332 1296 Cumas
1365 1239 1548 1311 aput,
1584 1232 2029 1313 acrisulpure
2060 1232 2301 1295 montis

522 1341 773 1420 oppleti
807 1342 1040 1405 calidis
1073 1343 1189 1405 ubi
1226 1341 1491 1405 fumant
1526 1342 1826 1406 fontibus
1860 1343 2075 1418 aucti;

541 1447 910 1499 CORNICES
951 1448 1290 1498 ATHENIS
1331 1449 1435 1498 AD
1475 1447 1747 1498 AEDEM
1789 1449 2201 1499 MINERVAE
2240 1448 2402 1499 NON
2438 1448 2624 1499 ESSE

523 1544 617 1599 est
649 1543 712 1600 et
741 1537 1100 1600 Athenaeis
1130 1538 1200 1598 in
1230 1537 1586 1614 moenibUS,
1620 1538 1791 1601 arcis
1819 1537 1889 1599 in
1920 1537 2066 1616 ipso

519 1647 787 1724 uertice,
820 1648 1114 1716 Palladis
1142 1648 1227 1710 ad
1258 1648 1579 1726 templum
1612 1647 1976 1711 Tritonidis
2006 1649 2234 1724 almae,
2737 1646 2841 1696 750

519 1777 652 1834 quo
685 1777 1045 1835 numquam
1081 1757 1318 1835 pennis
1353 1758 1703 1836 appellunt
1738 1777 2015 1836 corpora
2053 1778 2291 1821 raucae

521 1867 827 1944 cornices,
862 1887 994 1930 non
1026 1888 1174 1930 cum
1208 1867 1473 1931 fumant
1507 1867 1749 1930 altaria
1781 1867 2004 1930 donis:

433 1998 726 2055 -usque
762 1979 925 2040 adeo
960 1977 1260 2054 fugitant
1297 1998 1430 2040 non
1465 1976 1603 2040 iras
1637 1978 1932 2040 Palladis
1965 1976 2139 2040 acris

521 2087 835 2166 peruigili
868 2108 1083 2164 causa,
1121 2087 1396 2150 Graium
1428 2093 1504 2150 ut
1537 2087 1827 2150 cecinere
1862 2094 2109 2165 poetae,
2737 2086 2842 2135 755

519 2198 632 2260 sed
666 2205 910 2261 natura
943 2197 1068 2260 loci
1101 2218 1266 2276 opus
1298 2197 1493 2260 efficit
1527 2197 1673 2275 ipsa
1706 2204 1960 2275 suapte.

1117 2306 1204 2355 IN
1247 2305 1477 2355 SYRIA
1520 2304 2040 2369 QVADRIPIDES

518 2394 590 2455 in
626 2394 802 2457 Siria
833 2414 1089 2471 quoque
1124 2394 1345 2456 fertur
1378 2394 1534 2457 item
1567 2394 1749 2456 locus
1782 2414 1915 2456 esse
1947 2393 2184 2471 uideri,

520 2504 960 2582 quadripedes
992 2524 1248 2582 quoque
1280 2524 1410 2582 quo
1441 2504 1639 2566 simul
1672 2524 1746 2566 ac
1778 2503 2060 2581 uestigia
2094 2502 2384 2581 primum

521 2614 891 2691 intulerint,
926 2614 1223 2691 grauiter
1255 2614 1358 2676 uis
1392 2620 1581 2691 cogat
1616 2614 1955 2677 concidere
1990 2613 2153 2691 ipsa,

519 2724 822 2787 manibus
853 2731 929 2787 ut
961 2724 1016 2786 si
1047 2724 1180 2787 sint
1213 2724 1389 2786 diuis
1420 2731 1709 2786 mactata
1741 2730 2029 2801 repente.

522 2918 758 2981 Omnia
793 2938 959 2995 quae
996 2919 1291 2982 naturali
1326 2919 1580 2982 ratione
1617 2926 1963 2997 geruntur,
2549 2996 2557 3004 ι
2734 2918 2837 2969 760

521 3035 585 3090 et
617 3028 857 3105 quibus
886 3048 918 3089 e
949 3028 1114 3091 fiant
1143 3029 1358 3092 causis
1389 3034 1671 3107 apparet
1704 3028 1920 3105 orig03

522 3136 722 3200 ianua
753 3158 834 3199 ne
867 3138 1041 3201 forte
1074 3138 1178 3200 his
1210 3138 1364 3201 Orci
1398 3138 1777 3217 regionibus
1810 3158 1943 3200 esse

520 3249 848 3325 credatur,
888 3255 1035 3326 post
1072 3248 1225 3311 hinc
1263 3248 1517 3311 animas
1551 3248 1958 3311 Acheruntis
1993 3248 2063 3310 in
2102 3268 2250 3310 oras

523 3357 758 3419 ducere
790 3357 965 3421 forte
995 3358 1150 3420 deos
1179 3357 1392 3419 manis
1425 3357 1687 3420 inferne
1721 3377 2005 3435 reamur,

521 3467 793 3529 naribus
823 3466 1112 3545 alipedes
1142 3473 1218 3529 ut
1249 3466 1430 3529 cerui
1459 3487 1653 3545 saepe
1685 3473 2014 3543 putantur
2733 3465 2838 3516 765

523 3577 758 3639 ducere
789 3578 870 3638 de
901 3576 1172 3639 latebris
1205 3576 1538 3654 serpentia
1568 3576 1781 3638 saecla
1815 3575 2131 3638 ferarum.

437 3687 696 3764 ——quod
731 3687 962 3763 procul
996 3707 1035 3749 a
1066 3706 1226 3748 uera
1263 3706 1459 3763 quam
1493 3686 1578 3748 sit
1613 3684 1869 3749 ratione
1906 3686 2245 3764 repulsum

545 3816 642 3865 743
665 3815 900 3882 remigio
969 3817 1113 3877 vulg.
1150 3816 1370 3882 remigi,

544 3884 644 3932 746
662 3884 807 3943 vulo.
838 3884 1112 3934 Avernist

545 3952 646 4001 755
668 3952 799 4013 fort.
833 3951 985 4015 prius

546 4019 644 4068 762
665 4018 850 4083 poteis
917 4020 1050 4081 fort.
1082 4019 1247 4070 nobis

1509 4163 1656 4215 [240]
