3182 4602
1175 357 1236 404 Τ.
1278 356 1605 407 LVGRETI
1645 355 1823 406 CARI

428 577 773 648 praeterea
807 590 931 649 pro
966 577 1157 649 parte
1191 591 1329 647 sua,
1368 571 1824 647 quodcumque
1860 568 1980 632 alit
2017 575 2233 646 auget,

429 680 769 757 redditur3
803 685 868 743 et
900 680 1212 757 quoniam
1244 679 1445 741 dubio
1477 681 1712 757 procul
1744 699 1877 742 esse
1909 677 2181 741 uidetur

429 789 848 868 omniparens
881 790 1107 853 eadem
1139 810 1362 852 rerum
1395 809 1737 852 commune
1767 788 2163 866 sepulcrum,

429 919 583 977 ergo
612 906 796 962 terra
825 899 950 962 tibi
981 898 1232 962 libatur
1266 905 1330 961 et
1362 905 1558 962 aucta
1590 897 1915 960 recrescit.
2116 927 2120 930 ·
2637 893 2739 943 260

1313 1005 1414 1054 DE
1457 1003 1669 1069 AQVA

465 1095 743 1172 —Quod
778 1099 1097 1171 superest,
1132 1114 1358 1158 umore
1390 1113 1566 1156 nouo
1595 1114 1774 1156 mare
1807 1092 2084 1155 flumina
2116 1092 2335 1155 fontes

427 1224 681 1282 semper
718 1204 1057 1267 abundare
1095 1211 1159 1266 et
1194 1203 1421 1266 latices
1455 1223 1727 1266 manare
1764 1201 2075 1280 perennis

427 1313 525 1375 nil
557 1334 722 1391 opus
753 1321 850 1376 est
880 1313 1135 1376 uerbis:
1167 1333 1446 1402 magnus
1479 1313 1795 1374 decursus
1827 1332 2149 1389 aquarum

430 1423 726 1500 undique
762 1424 1074 1486 declarat.
1150 1423 1264 1485 sed
1300 1423 1589 1499 primum
1626 1421 1953 1499 quidquid
1989 1421 2187 1498 aquai

427 1533 687 1595 tollitur
717 1532 789 1594 in
818 1553 1199 1610 summaque
1231 1533 1306 1595 fit
1337 1539 1414 1595 ut
1446 1532 1615 1594 nihil
1646 1552 1836 1594 umor
1869 1532 2178 1606 abundet,
2637 1526 2740 1575 265

427 1642 674 1719 partim
708 1643 882 1719 quod
916 1643 1128 1705 ualidi
1161 1647 1503 1705 uerrentes
1537 1662 1823 1719 aequora
1856 1641 2043 1704 uenti

426 1751 823 1814 deminuunt
859 1752 1193 1829 radiisque
1228 1758 1529 1814 retexens
1564 1751 1895 1814 aetherius
1930 1751 2043 1827 sol,

429 1861 674 1939 partim
718 1863 893 1939 quod
935 1868 1166 1939 supter
1209 1882 1329 1939 per
1371 1868 1585 1924 terras
1628 1861 1886 1923 diditur
1930 1859 2158 1922 omnis.

396 1971 806 2047 (percolatur
841 1971 1015 2034 enim
1048 1971 1238 2033 uirus
1273 1977 1578 2047 retroque
1614 1975 1915 2032 remanat

425 2079 732 2142 materies
757 2079 1006 2142 umoris
1036 2087 1100 2143 et
1129 2081 1214 2143 ad
1246 2086 1448 2157 caput
1479 2080 1783 2143 amnibus
1814 2077 2022 2140 omnis
2639 2073 2740 2123 270

426 2189 755 2266 conuenit,
788 2189 942 2252 inde
976 2210 1176 2268 super
1205 2196 1420 2252 terras
1452 2189 1602 2251 fluit
1633 2187 1891 2266 agmine
1926 2187 2106 2250 dulci

427 2320 556 2377 qua
590 2299 704 2362 uia
737 2307 915 2363 secta
946 2301 1141 2363 semel
1173 2299 1427 2377 liquido
1461 2298 1627 2376 pede
1662 2297 1903 2361 detulit
1936 2297 2213 2374 undas).

1053 2406 1153 2456 DE
1195 2405 1397 2455 AERE
1440 2405 1616 2455 SIVE
1657 2405 1919 2454 ANIMA

465 2496 729 2558 —Aera
765 2516 943 2557 nunc
983 2495 1191 2573 igitur
1230 2494 1463 2571 dicam,
1503 2494 1619 2571 qui
1656 2514 1927 2571 corpore
1965 2500 2107 2556 toto

426 2604 999 2667 innumerabiliter
1029 2604 1259 2682 priuas
1289 2611 1591 2666 mutatur
1623 2603 1694 2664 in
1727 2604 1939 2665 horas.

425 2734 681 2791 semper
717 2714 908 2790 enim,
945 2715 1400 2791 quodcumque
1437 2713 1586 2775 fluit
1623 2713 1702 2776 de
1738 2713 1951 2788 rebuS,
1989 2712 2059 2773 id
2096 2732 2282 2774 omne
2636 2708 2740 2758 275

427 2823 597 2885 aeris
629 2824 700 2885 in
732 2844 1045 2900 magnum
1080 2823 1302 2885 fertur
1333 2842 1549 2899 mare3
1586 2822 1701 2899 qui
1735 2822 1865 2883 nisi
1900 2828 2132 2884 contra

425 2953 704 3010 corpora
737 2933 1066 2997 retribuat
1100 2933 1298 2995 rebus
1331 2939 1709 3008 recreetque
1745 2930 2029 3008 fluentis,

425 3042 643 3105 omnia
674 3043 804 3105 iam
835 3043 1122 3105 resoluta
1156 3042 1379 3104 forent
1410 3049 1473 3104 et
1505 3040 1575 3102 in
1606 3061 1759 3103 aera
1788 3060 2001 3103 uersa.

339 3154 589 3215 -—haut
618 3153 826 3230 igitur
855 3158 1062 3215 cessat
1090 3151 1275 3229 gigni
1305 3151 1385 3213 de
1413 3151 1609 3213 rebus
1639 3157 1703 3213 et
1733 3150 1804 3210 in
1826 3170 1936 3216 ¹res

425 3262 770 3338 reccidere,
810 3261 1083 3325 adsidue
1120 3260 1430 3345 quoniam
1467 3259 1670 3322 fluere
1708 3260 1925 3321 omnia
1962 3266 2236 3323 constat.
2636 3256 2736 3306 280

1150 3367 1250 3417 DE
1290 3366 1460 3417 IGNI
1498 3366 1595 3415 ET
1634 3365 1821 3415 SOLE

464 3440 808 3517 —Largus
841 3439 997 3502 item
1030 3438 1270 3515 liquidi
1304 3437 1456 3500 fons
1486 3436 1776 3513 luminis,
1810 3436 2142 3499 aetherius
2173 3437 2285 3513 sol,

426 3549 675 3627 inrigat
710 3548 983 3611 adsidue
1018 3547 1270 3610 caelum
1303 3547 1587 3610 candore
1621 3546 1870 3609 recenti

425 3657 939 3735 suppeditatque
977 3677 1152 3720 nouo
1185 3656 1532 3719 confestim
1557 3655 1815 3746 *lumine
1851 3655 2091 3717 lumen.

425 3789 578 3831 ‘nam
612 3767 902 3846 primum
935 3765 1251 3844 quicquid
1285 3766 1569 3844 fulgoris
1602 3764 1880 3843 disperit
1916 3764 1993 3841 ei,
2093 3845 2097 3847 .

425 3896 832 3955 quocumque
869 3874 1286 3939 accidit.—id
1317 3875 1472 3937 licet
1504 3875 1659 3937 hinc
1696 3893 2076 3952 cognoscere
2112 3874 2338 3951 possiS,
2636 3871 2737 3921 285

446 4026 546 4076 257
569 4026 712 4087 vuly.
745 4024 861 4074 alid

1417 4142 1564 4194 [173]
