<?xml version="1.0" encoding="UTF-8"?>
<!DOCTYPE html PUBLIC "-//W3C//DTD XHTML 1.0 Transitional//EN"
    "http://www.w3.org/TR/xhtml1/DTD/xhtml1-transitional.dtd">
<html xmlns="http://www.w3.org/1999/xhtml" xml:lang="en" lang="en">
 <head>
  <title>
</title>
<meta http-equiv="Content-Type" content="text/html;charset=utf-8" />
  <meta name='ocr-system' content='tesseract 3.04.00' />
  <meta name='ocr-capabilities' content='ocr_page ocr_carea ocr_par ocr_line ocrx_word'/>
</head>
<body>
  <div class='ocr_page' id='page_1' title='image "./lvcretiderervmn00unkngoog_0073.png"; bbox 0 0 3182 4602; ppageno 0'>
   <div class='ocr_carea' id='block_1_1' title="bbox 1201 392 2056 446">
    <p class='ocr_par' dir='ltr' id='par_1_1' title="bbox 1201 392 2056 446">
     <span class='ocr_line' id='line_1_1' title="bbox 1201 392 2056 446; baseline -0.001 -2"><span class='ocrx_word' id='word_1_1' title='bbox 1201 394 1302 444; x_wconf 82' lang='lat' dir='ltr'>DE</span> <span class='ocrx_word' id='word_1_2' title='bbox 1339 393 1605 446; x_wconf 77' lang='lat' dir='ltr'><strong><em>RERVM</em></strong></span> <span class='ocrx_word' id='word_1_3' title='bbox 1640 393 1950 444; x_wconf 77' lang='lat' dir='ltr'><strong><em>NATVRA</em></strong></span> <span class='ocrx_word' id='word_1_4' title='bbox 1990 392 2056 443; x_wconf 91' lang='lat'>11</span> 
     </span>
    </p>
   </div>
   <div class='ocr_carea' id='block_1_2' title="bbox 501 605 2906 3321">
    <p class='ocr_par' dir='ltr' id='par_1_2' title="bbox 501 605 2906 3321">
     <span class='ocr_line' id='line_1_2' title="bbox 594 605 1894 672; baseline 0.002 -5"><span class='ocrx_word' id='word_1_5' title='bbox 594 605 859 670; x_wconf 84' lang='lat' dir='ltr'>infinita</span> <span class='ocrx_word' id='word_1_6' title='bbox 887 615 1108 670; x_wconf 89' lang='lat' dir='ltr'>tamen</span> <span class='ocrx_word' id='word_1_7' title='bbox 1140 607 1267 670; x_wconf 91' lang='lat' dir='ltr'>nisi</span> <span class='ocrx_word' id='word_1_8' title='bbox 1299 607 1425 670; x_wconf 87' lang='lat' dir='ltr'>erit</span> <span class='ocrx_word' id='word_1_9' title='bbox 1455 607 1561 672; x_wconf 88' lang='lat' dir='ltr'>uis</span> <span class='ocrx_word' id='word_1_10' title='bbox 1588 606 1894 671; x_wconf 87' lang='lat' dir='ltr'>materiai</span> 
     </span>
     <span class='ocr_line' id='line_1_3' title="bbox 592 714 2905 796; baseline -0.001 -17"><span class='ocrx_word' id='word_1_11' title='bbox 592 718 770 779; x_wconf 90' lang='lat' dir='ltr'>unde</span> <span class='ocrx_word' id='word_1_12' title='bbox 803 736 877 779; x_wconf 86' lang='lat' dir='ltr'>ea</span> <span class='ocrx_word' id='word_1_13' title='bbox 908 717 1216 795; x_wconf 85' lang='lat' dir='ltr'>progigni</span> <span class='ocrx_word' id='word_1_14' title='bbox 1249 717 1453 795; x_wconf 85' lang='lat' dir='ltr'>possit</span> <span class='ocrx_word' id='word_1_15' title='bbox 1483 724 1818 796; x_wconf 90' lang='lat' dir='ltr'>concepta,</span> <span class='ocrx_word' id='word_1_16' title='bbox 1850 717 2063 780; x_wconf 90' lang='lat' dir='ltr'>creari</span> <span class='ocrx_word' id='word_1_17' title='bbox 2144 755 2151 760; x_wconf 94' lang='lat'>-</span> <span class='ocrx_word' id='word_1_18' title='bbox 2266 761 2271 768; x_wconf 82' lang='lat'><em>-</em></span> <span class='ocrx_word' id='word_1_19' title='bbox 2808 714 2905 763; x_wconf 83' lang='lat'>545</span> 
     </span>
     <span class='ocr_line' id='line_1_4' title="bbox 593 826 2565 905; baseline 0.001 -17"><span class='ocrx_word' id='word_1_20' title='bbox 593 846 726 889; x_wconf 91' lang='lat' dir='ltr'>non</span> <span class='ocrx_word' id='word_1_21' title='bbox 759 827 1022 904; x_wconf 87' lang='lat' dir='ltr'>poterit,</span> <span class='ocrx_word' id='word_1_22' title='bbox 1056 847 1285 904; x_wconf 90' lang='lat' dir='ltr'>neque,</span> <span class='ocrx_word' id='word_1_23' title='bbox 1319 828 1494 905; x_wconf 92' lang='lat' dir='ltr'>quod</span> <span class='ocrx_word' id='word_1_24' title='bbox 1527 835 1846 905; x_wconf 79' lang='lat' dir='ltr'><strong>superest,</strong></span> <span class='ocrx_word' id='word_1_25' title='bbox 1882 847 2295 905; x_wconf 81' lang='lat' dir='ltr'>procrescere</span> <span class='ocrx_word' id='word_1_26' title='bbox 2328 826 2565 905; x_wconf 85' lang='lat' dir='ltr'>alique.</span> 
     </span>
     <span class='ocr_line' id='line_1_5' title="bbox 594 936 2580 1014; baseline -0.001 -16"><span class='ocrx_word' id='word_1_27' title='bbox 594 936 842 1014; x_wconf 82' lang='lat' dir='ltr'>quippe</span> <span class='ocrx_word' id='word_1_28' title='bbox 875 937 1114 999; x_wconf 83' lang='lat' dir='ltr'>etenim</span> <span class='ocrx_word' id='word_1_29' title='bbox 1146 957 1402 1014; x_wconf 90' lang='lat' dir='ltr'>quoque</span> <span class='ocrx_word' id='word_1_30' title='bbox 1433 937 1533 999; x_wconf 93' lang='lat' dir='ltr'>uti</span> <span class='ocrx_word' id='word_1_31' title='bbox 1565 957 1819 1000; x_wconf 90' lang='lat' dir='ltr'>sumam</span> <span class='ocrx_word' id='word_1_32' title='bbox 1849 938 1989 1014; x_wconf 86' lang='lat' dir='ltr'>hoc,</span> <span class='ocrx_word' id='word_1_33' title='bbox 2018 936 2213 1000; x_wconf 87' lang='lat' dir='ltr'>finita</span> <span class='ocrx_word' id='word_1_34' title='bbox 2241 956 2361 1014; x_wconf 90' lang='lat' dir='ltr'>per</span> <span class='ocrx_word' id='word_1_35' title='bbox 2392 955 2580 998; x_wconf 90' lang='lat' dir='ltr'>omne</span> 
     </span>
     <span class='ocr_line' id='line_1_6' title="bbox 592 1045 1859 1125; baseline -0.001 -17"><span class='ocrx_word' id='word_1_36' title='bbox 592 1065 870 1124; x_wconf 90' lang='lat' dir='ltr'>corpora</span> <span class='ocrx_word' id='word_1_37' title='bbox 901 1045 1136 1109; x_wconf 88' lang='lat' dir='ltr'>iactari</span> <span class='ocrx_word' id='word_1_38' title='bbox 1165 1046 1366 1109; x_wconf 90' lang='lat' dir='ltr'>unius</span> <span class='ocrx_word' id='word_1_39' title='bbox 1394 1047 1713 1125; x_wconf 84' lang='lat' dir='ltr'>genitalia</span> <span class='ocrx_word' id='word_1_40' title='bbox 1742 1047 1859 1123; x_wconf 88' lang='lat' dir='ltr'>rei,</span> 
     </span>
     <span class='ocr_line' id='line_1_7' title="bbox 593 1156 2329 1235; baseline 0.001 -17"><span class='ocrx_word' id='word_1_41' title='bbox 593 1157 769 1218; x_wconf 93' lang='lat' dir='ltr'>unde</span> <span class='ocrx_word' id='word_1_42' title='bbox 799 1156 914 1218; x_wconf 93' lang='lat' dir='ltr'>ubi</span> <span class='ocrx_word' id='word_1_43' title='bbox 944 1177 1074 1233; x_wconf 91' lang='lat' dir='ltr'>qua</span> <span class='ocrx_word' id='word_1_44' title='bbox 1103 1156 1173 1218; x_wconf 92' lang='lat' dir='ltr'>ui</span> <span class='ocrx_word' id='word_1_45' title='bbox 1204 1163 1267 1219; x_wconf 90' lang='lat' dir='ltr'>et</span> <span class='ocrx_word' id='word_1_46' title='bbox 1298 1176 1428 1233; x_wconf 92' lang='lat' dir='ltr'>quo</span> <span class='ocrx_word' id='word_1_47' title='bbox 1457 1163 1653 1235; x_wconf 87' lang='lat' dir='ltr'>pacto</span> <span class='ocrx_word' id='word_1_48' title='bbox 1682 1176 2027 1234; x_wconf 89' lang='lat' dir='ltr'>congressa</span> <span class='ocrx_word' id='word_1_49' title='bbox 2059 1156 2329 1219; x_wconf 88' lang='lat' dir='ltr'>coibunt</span> 
     </span>
     <span class='ocr_line' id='line_1_8' title="bbox 592 1262 2904 1344; baseline 0 -17"><span class='ocrx_word' id='word_1_50' title='bbox 592 1266 907 1329; x_wconf 91' lang='lat' dir='ltr'>materiae</span> <span class='ocrx_word' id='word_1_51' title='bbox 942 1274 1133 1328; x_wconf 89' lang='lat' dir='ltr'>tanto</span> <span class='ocrx_word' id='word_1_52' title='bbox 1165 1266 1234 1326; x_wconf 92' lang='lat' dir='ltr'>in</span> <span class='ocrx_word' id='word_1_53' title='bbox 1272 1267 1505 1344; x_wconf 82' lang='lat' dir='ltr'>pelago</span> <span class='ocrx_word' id='word_1_54' title='bbox 1539 1267 1868 1343; x_wconf 89' lang='lat' dir='ltr'>turbaque</span> <span class='ocrx_word' id='word_1_55' title='bbox 1906 1266 2163 1329; x_wconf 72' lang='lat' dir='ltr'>aliena?</span> <span class='ocrx_word' id='word_1_56' title='bbox 2808 1262 2904 1311; x_wconf 85' lang='lat'>550</span> 
     </span>
     <span class='ocr_line' id='line_1_9' title="bbox 594 1375 2228 1453; baseline 0.001 -18"><span class='ocrx_word' id='word_1_57' title='bbox 594 1396 745 1452; x_wconf 76' lang='lat' dir='ltr'>non,</span> <span class='ocrx_word' id='word_1_58' title='bbox 777 1383 851 1437; x_wconf 90' lang='lat' dir='ltr'>ut</span> <span class='ocrx_word' id='word_1_59' title='bbox 885 1375 1138 1453; x_wconf 89' lang='lat' dir='ltr'>opinor,</span> <span class='ocrx_word' id='word_1_60' title='bbox 1169 1377 1412 1438; x_wconf 91' lang='lat' dir='ltr'>habent</span> <span class='ocrx_word' id='word_1_61' title='bbox 1443 1375 1765 1438; x_wconf 89' lang='lat' dir='ltr'>rationem</span> <span class='ocrx_word' id='word_1_62' title='bbox 1797 1375 2228 1451; x_wconf 89' lang='lat' dir='ltr'>conciliandi;</span> 
     </span>
     <span class='ocr_line' id='line_1_10' title="bbox 591 1467 2275 1563; baseline 0.002 -16"><span class='ocrx_word' id='word_1_63' title='bbox 591 1487 707 1547; x_wconf 89' lang='lat' dir='ltr'>sed</span> <span class='ocrx_word' id='word_1_64' title='bbox 739 1486 924 1562; x_wconf 84' lang='lat' dir='ltr'>quasi</span> <span class='ocrx_word' id='word_1_65' title='bbox 956 1485 1332 1563; x_wconf 81' lang='lat' dir='ltr'>naufragiis</span> <span class='ocrx_word' id='word_1_66' title='bbox 1363 1485 1621 1563; x_wconf 88' lang='lat' dir='ltr'>magnis</span> <span class='ocrx_word' id='word_1_67' title='bbox 1649 1485 2004 1562; x_wconf 87' lang='lat' dir='ltr'>multisque</span> <span class='ocrx_word' id='word_1_68' title='bbox 2036 1467 2275 1550; x_wconf 82' lang='lat' dir='ltr'>coortis</span> 
     </span>
     <span class='ocr_line' id='line_1_11' title="bbox 593 1595 2471 1672; baseline 0 -16"><span class='ocrx_word' id='word_1_69' title='bbox 593 1595 938 1658; x_wconf 80' lang='lat' dir='ltr'>disiectare</span> <span class='ocrx_word' id='word_1_70' title='bbox 972 1596 1134 1657; x_wconf 90' lang='lat' dir='ltr'>solet</span> <span class='ocrx_word' id='word_1_71' title='bbox 1170 1616 1479 1672; x_wconf 85' lang='lat' dir='ltr'>magnum</span> <span class='ocrx_word' id='word_1_72' title='bbox 1513 1616 1693 1658; x_wconf 90' lang='lat' dir='ltr'>mare</span> <span class='ocrx_word' id='word_1_73' title='bbox 1728 1601 2025 1658; x_wconf 90' lang='lat' dir='ltr'>transtra</span> <span class='ocrx_word' id='word_1_74' title='bbox 2057 1615 2377 1658; x_wconf 88' lang='lat' dir='ltr'>cauernas</span> <span class='ocrx_word' id='word_1_75' title='bbox 2463 1639 2471 1646; x_wconf 87' lang='lat'>-</span> 
     </span>
     <span class='ocr_line' id='line_1_12' title="bbox 593 1705 2202 1782; baseline -0.001 -15"><span class='ocrx_word' id='word_1_76' title='bbox 593 1711 936 1767; x_wconf 87' lang='lat' dir='ltr'>antemnas</span> <span class='ocrx_word' id='word_1_77' title='bbox 969 1725 1235 1782; x_wconf 89' lang='lat' dir='ltr'>proram</span> <span class='ocrx_word' id='word_1_78' title='bbox 1267 1706 1472 1768; x_wconf 89' lang='lat' dir='ltr'>malos</span> <span class='ocrx_word' id='word_1_79' title='bbox 1504 1713 1856 1782; x_wconf 85' lang='lat' dir='ltr'>tonsasque</span> <span class='ocrx_word' id='word_1_80' title='bbox 1888 1705 2202 1781; x_wconf 74' lang='lat' dir='ltr'>natantiS,</span> 
     </span>
     <span class='ocr_line' id='line_1_13' title="bbox 592 1811 2906 1892; baseline 0.001 -16"><span class='ocrx_word' id='word_1_81' title='bbox 592 1835 712 1892; x_wconf 92' lang='lat' dir='ltr'>per</span> <span class='ocrx_word' id='word_1_82' title='bbox 741 1822 1075 1877; x_wconf 87' lang='lat' dir='ltr'>terrarum</span> <span class='ocrx_word' id='word_1_83' title='bbox 1104 1815 1313 1878; x_wconf 91' lang='lat' dir='ltr'>omnis</span> <span class='ocrx_word' id='word_1_84' title='bbox 1343 1835 1490 1877; x_wconf 88' lang='lat' dir='ltr'>oras</span> <span class='ocrx_word' id='word_1_85' title='bbox 1521 1815 1862 1878; x_wconf 80' lang='lat' dir='ltr'>fluitantia</span> <span class='ocrx_word' id='word_1_86' title='bbox 1890 1816 2194 1892; x_wconf 83' lang='lat' dir='ltr'>aplustra</span> <span class='ocrx_word' id='word_1_87' title='bbox 2807 1811 2906 1860; x_wconf 84' lang='lat'>555</span> 
     </span>
     <span class='ocr_line' id='line_1_14' title="bbox 591 1924 2351 2001; baseline 0 -15"><span class='ocrx_word' id='word_1_88' title='bbox 591 1932 668 1986; x_wconf 88' lang='lat' dir='ltr'>ut</span> <span class='ocrx_word' id='word_1_89' title='bbox 698 1924 1058 1987; x_wconf 91' lang='lat' dir='ltr'>uideantur</span> <span class='ocrx_word' id='word_1_90' title='bbox 1089 1932 1153 1987; x_wconf 91' lang='lat' dir='ltr'>et</span> <span class='ocrx_word' id='word_1_91' title='bbox 1183 1924 1503 1987; x_wconf 87' lang='lat' dir='ltr'>indicium</span> <span class='ocrx_word' id='word_1_92' title='bbox 1533 1925 1923 1987; x_wconf 88' lang='lat' dir='ltr'>mortalibus</span> <span class='ocrx_word' id='word_1_93' title='bbox 1954 1925 2173 2001; x_wconf 83' lang='lat' dir='ltr'>edant,</span> <span class='ocrx_word' id='word_1_94' title='bbox 2242 1965 2247 1970; x_wconf 92' lang='lat'>-</span> <span class='ocrx_word' id='word_1_95' title='bbox 2344 1977 2351 1986; x_wconf 83' lang='lat'><strong>.</strong></span> 
     </span>
     <span class='ocr_line' id='line_1_15' title="bbox 592 2034 2039 2112; baseline 0.001 -18"><span class='ocrx_word' id='word_1_96' title='bbox 592 2034 782 2096; x_wconf 89' lang='lat' dir='ltr'>infidi</span> <span class='ocrx_word' id='word_1_97' title='bbox 815 2034 1018 2098; x_wconf 89' lang='lat' dir='ltr'>maris</span> <span class='ocrx_word' id='word_1_98' title='bbox 1050 2034 1326 2097; x_wconf 89' lang='lat' dir='ltr'>insidias</span> <span class='ocrx_word' id='word_1_99' title='bbox 1358 2034 1653 2112; x_wconf 88' lang='lat' dir='ltr'>uirisque</span> <span class='ocrx_word' id='word_1_100' title='bbox 1688 2035 2039 2111; x_wconf 90' lang='lat' dir='ltr'>dolumque</span> 
     </span>
     <span class='ocr_line' id='line_1_16' title="bbox 591 2144 2226 2221; baseline -0.001 -14"><span class='ocrx_word' id='word_1_101' title='bbox 591 2152 667 2207; x_wconf 90' lang='lat' dir='ltr'>ut</span> <span class='ocrx_word' id='word_1_102' title='bbox 705 2144 921 2206; x_wconf 86' lang='lat' dir='ltr'>uitare</span> <span class='ocrx_word' id='word_1_103' title='bbox 959 2145 1189 2220; x_wconf 91' lang='lat' dir='ltr'>uelint,</span> <span class='ocrx_word' id='word_1_104' title='bbox 1228 2164 1393 2206; x_wconf 89' lang='lat' dir='ltr'>neue</span> <span class='ocrx_word' id='word_1_105' title='bbox 1430 2145 1566 2206; x_wconf 94' lang='lat' dir='ltr'>ullo</span> <span class='ocrx_word' id='word_1_106' title='bbox 1603 2151 1895 2221; x_wconf 87' lang='lat' dir='ltr'>tempore</span> <span class='ocrx_word' id='word_1_107' title='bbox 1933 2145 2226 2220; x_wconf 84' lang='lat' dir='ltr'>credant,</span> 
     </span>
     <span class='ocr_line' id='line_1_17' title="bbox 591 2253 2070 2333; baseline -0.001 -16"><span class='ocrx_word' id='word_1_108' title='bbox 591 2254 867 2317; x_wconf 91' lang='lat' dir='ltr'>subdola</span> <span class='ocrx_word' id='word_1_109' title='bbox 896 2274 1044 2318; x_wconf 85' lang='lat' dir='ltr'>eum</span> <span class='ocrx_word' id='word_1_110' title='bbox 1074 2254 1248 2317; x_wconf 89' lang='lat' dir='ltr'>ridet</span> <span class='ocrx_word' id='word_1_111' title='bbox 1275 2254 1522 2333; x_wconf 86' lang='lat' dir='ltr'>placidi</span> <span class='ocrx_word' id='word_1_112' title='bbox 1553 2254 1832 2333; x_wconf 89' lang='lat' dir='ltr'>pellacia</span> <span class='ocrx_word' id='word_1_113' title='bbox 1862 2253 2070 2331; x_wconf 90' lang='lat' dir='ltr'>ponti,</span> 
     </span>
     <span class='ocr_line' id='line_1_18' title="bbox 591 2360 2905 2442; baseline 0 -16"><span class='ocrx_word' id='word_1_114' title='bbox 591 2364 683 2427; x_wconf 89' lang='lat' dir='ltr'>sic</span> <span class='ocrx_word' id='word_1_115' title='bbox 714 2364 838 2427; x_wconf 91' lang='lat' dir='ltr'>tibi</span> <span class='ocrx_word' id='word_1_116' title='bbox 869 2364 926 2427; x_wconf 90' lang='lat' dir='ltr'>si</span> <span class='ocrx_word' id='word_1_117' title='bbox 953 2364 1144 2427; x_wconf 90' lang='lat' dir='ltr'>finita</span> <span class='ocrx_word' id='word_1_118' title='bbox 1176 2366 1372 2427; x_wconf 88' lang='lat' dir='ltr'>semel</span> <span class='ocrx_word' id='word_1_119' title='bbox 1404 2365 1773 2442; x_wconf 89' lang='lat' dir='ltr'>primordia</span> <span class='ocrx_word' id='word_1_120' title='bbox 1804 2366 2129 2441; x_wconf 90' lang='lat' dir='ltr'>quaedam</span> <span class='ocrx_word' id='word_1_121' title='bbox 2807 2360 2905 2410; x_wconf 83' lang='lat'>560</span> 
     </span>
     <span class='ocr_line' id='line_1_19' title="bbox 591 2474 2309 2552; baseline -0.001 -15"><span class='ocrx_word' id='word_1_122' title='bbox 591 2474 967 2551; x_wconf 79' lang='lat' dir='ltr'>constitueS,</span> <span class='ocrx_word' id='word_1_123' title='bbox 1004 2494 1234 2537; x_wconf 91' lang='lat' dir='ltr'>aeuom</span> <span class='ocrx_word' id='word_1_124' title='bbox 1268 2476 1599 2537; x_wconf 89' lang='lat' dir='ltr'>debebunt</span> <span class='ocrx_word' id='word_1_125' title='bbox 1634 2494 1868 2552; x_wconf 88' lang='lat' dir='ltr'>sparsa</span> <span class='ocrx_word' id='word_1_126' title='bbox 1901 2494 2020 2552; x_wconf 90' lang='lat' dir='ltr'>per</span> <span class='ocrx_word' id='word_1_127' title='bbox 2054 2494 2309 2537; x_wconf 91' lang='lat' dir='ltr'>omnem</span> 
     </span>
     <span class='ocr_line' id='line_1_20' title="bbox 588 2584 1823 2661; baseline 0 -16"><span class='ocrx_word' id='word_1_128' title='bbox 588 2584 936 2647; x_wconf 87' lang='lat' dir='ltr'>disiectare</span> <span class='ocrx_word' id='word_1_129' title='bbox 968 2592 1187 2647; x_wconf 89' lang='lat' dir='ltr'>aestus</span> <span class='ocrx_word' id='word_1_130' title='bbox 1219 2584 1467 2647; x_wconf 89' lang='lat' dir='ltr'>diuersi</span> <span class='ocrx_word' id='word_1_131' title='bbox 1498 2584 1823 2661; x_wconf 88' lang='lat' dir='ltr'>materiai,</span> 
     </span>
     <span class='ocr_line' id='line_1_21' title="bbox 589 2693 2403 2773; baseline -0.001 -18"><span class='ocrx_word' id='word_1_132' title='bbox 589 2714 951 2771; x_wconf 91' lang='lat' dir='ltr'>numquam</span> <span class='ocrx_word' id='word_1_133' title='bbox 984 2694 1053 2755; x_wconf 93' lang='lat' dir='ltr'>in</span> <span class='ocrx_word' id='word_1_134' title='bbox 1086 2694 1437 2757; x_wconf 89' lang='lat' dir='ltr'>concilium</span> <span class='ocrx_word' id='word_1_135' title='bbox 1468 2701 1544 2757; x_wconf 90' lang='lat' dir='ltr'>ut</span> <span class='ocrx_word' id='word_1_136' title='bbox 1576 2694 1829 2773; x_wconf 90' lang='lat' dir='ltr'>possint</span> <span class='ocrx_word' id='word_1_137' title='bbox 1863 2695 2201 2772; x_wconf 86' lang='lat' dir='ltr'>compulsa</span> <span class='ocrx_word' id='word_1_138' title='bbox 2231 2693 2403 2756; x_wconf 89' lang='lat' dir='ltr'>coire</span> 
     </span>
     <span class='ocr_line' id='line_1_22' title="bbox 587 2804 2251 2868; baseline 0.001 -3"><span class='ocrx_word' id='word_1_139' title='bbox 587 2824 707 2866; x_wconf 89' lang='lat' dir='ltr'>nec</span> <span class='ocrx_word' id='word_1_140' title='bbox 739 2804 1058 2867; x_wconf 91' lang='lat' dir='ltr'>remorari</span> <span class='ocrx_word' id='word_1_141' title='bbox 1089 2804 1160 2865; x_wconf 95' lang='lat' dir='ltr'>in</span> <span class='ocrx_word' id='word_1_142' title='bbox 1191 2804 1467 2866; x_wconf 86' lang='lat' dir='ltr'>concilio</span> <span class='ocrx_word' id='word_1_143' title='bbox 1495 2825 1616 2868; x_wconf 91' lang='lat' dir='ltr'>nec</span> <span class='ocrx_word' id='word_1_144' title='bbox 1649 2824 1935 2867; x_wconf 88' lang='lat' dir='ltr'>crescere</span> <span class='ocrx_word' id='word_1_145' title='bbox 1968 2804 2251 2867; x_wconf 88' lang='lat' dir='ltr'>adaucta</span> 
     </span>
     <span class='ocr_line' id='line_1_23' title="bbox 558 2910 2901 2992; baseline -0.001 -16"><span class='ocrx_word' id='word_1_146' title='bbox 558 2914 874 2991; x_wconf 91' lang='lat' dir='ltr'>(quorum</span> <span class='ocrx_word' id='word_1_147' title='bbox 904 2921 1262 2992; x_wconf 90' lang='lat' dir='ltr'>utrumque</span> <span class='ocrx_word' id='word_1_148' title='bbox 1296 2915 1515 2991; x_wconf 90' lang='lat' dir='ltr'>palam</span> <span class='ocrx_word' id='word_1_149' title='bbox 1546 2914 1692 2976; x_wconf 90' lang='lat' dir='ltr'>fieri</span> <span class='ocrx_word' id='word_1_150' title='bbox 1723 2913 2080 2976; x_wconf 80' lang='lat' dir='ltr'>manifesta</span> <span class='ocrx_word' id='word_1_151' title='bbox 2112 2915 2300 2976; x_wconf 88' lang='lat' dir='ltr'>docet</span> <span class='ocrx_word' id='word_1_152' title='bbox 2333 2933 2455 2989; x_wconf 78' lang='lat' dir='ltr'>reS,</span> <span class='ocrx_word' id='word_1_153' title='bbox 2520 2944 2553 2963; x_wconf 87' lang='lat'>-·</span> <span class='ocrx_word' id='word_1_154' title='bbox 2803 2910 2901 2960; x_wconf 85' lang='lat'>565</span> 
     </span>
     <span class='ocr_line' id='line_1_24' title="bbox 589 3024 2230 3102; baseline 0 -17"><span class='ocrx_word' id='word_1_155' title='bbox 589 3031 653 3087; x_wconf 90' lang='lat' dir='ltr'>et</span> <span class='ocrx_word' id='word_1_156' title='bbox 683 3044 786 3086; x_wconf 91' lang='lat' dir='ltr'>res</span> <span class='ocrx_word' id='word_1_157' title='bbox 817 3024 1126 3102; x_wconf 90' lang='lat' dir='ltr'>progigni</span> <span class='ocrx_word' id='word_1_158' title='bbox 1156 3031 1220 3087; x_wconf 87' lang='lat' dir='ltr'>et</span> <span class='ocrx_word' id='word_1_159' title='bbox 1252 3024 1508 3102; x_wconf 90' lang='lat' dir='ltr'>genitas</span> <span class='ocrx_word' id='word_1_160' title='bbox 1539 3044 1951 3102; x_wconf 84' lang='lat' dir='ltr'>procrescere</span> <span class='ocrx_word' id='word_1_161' title='bbox 1981 3024 2230 3101; x_wconf 90' lang='lat' dir='ltr'>posse).</span> 
     </span>
     <span class='ocr_line' id='line_1_25' title="bbox 501 3132 2277 3212; baseline -0.001 -17"><span class='ocrx_word' id='word_1_162' title='bbox 501 3154 722 3195; x_wconf 87' lang='lat' dir='ltr'>—esse</span> <span class='ocrx_word' id='word_1_163' title='bbox 757 3134 966 3211; x_wconf 91' lang='lat' dir='ltr'>igitur</span> <span class='ocrx_word' id='word_1_164' title='bbox 1001 3154 1235 3212; x_wconf 91' lang='lat' dir='ltr'>genere</span> <span class='ocrx_word' id='word_1_165' title='bbox 1275 3134 1345 3194; x_wconf 92' lang='lat' dir='ltr'>in</span> <span class='ocrx_word' id='word_1_166' title='bbox 1381 3133 1617 3211; x_wconf 90' lang='lat' dir='ltr'>quouis</span> <span class='ocrx_word' id='word_1_167' title='bbox 1653 3132 2019 3211; x_wconf 84' lang='lat' dir='ltr'>primordia</span> <span class='ocrx_word' id='word_1_168' title='bbox 2054 3152 2277 3195; x_wconf 87' lang='lat' dir='ltr'>rerum</span> 
     </span>
     <span class='ocr_line' id='line_1_26' title="bbox 588 3242 2289 3321; baseline -0.001 -16"><span class='ocrx_word' id='word_1_169' title='bbox 588 3244 854 3306; x_wconf 88' lang='lat' dir='ltr'>infinita</span> <span class='ocrx_word' id='word_1_170' title='bbox 888 3245 1108 3321; x_wconf 89' lang='lat' dir='ltr'>palam</span> <span class='ocrx_word' id='word_1_171' title='bbox 1147 3251 1241 3307; x_wconf 89' lang='lat' dir='ltr'>est</span> <span class='ocrx_word' id='word_1_172' title='bbox 1279 3245 1456 3307; x_wconf 92' lang='lat' dir='ltr'>unde</span> <span class='ocrx_word' id='word_1_173' title='bbox 1493 3243 1715 3306; x_wconf 90' lang='lat' dir='ltr'>omnia</span> <span class='ocrx_word' id='word_1_174' title='bbox 1748 3242 2289 3320; x_wconf 88' lang='lat' dir='ltr'>suppeditantur.</span> 
     </span>
    </p>
   </div>
   <div class='ocr_carea' id='block_1_3' title="bbox 498 3454 2895 3972">
    <p class='ocr_par' dir='ltr' id='par_1_3' title="bbox 498 3454 2895 3972">
     <span class='ocr_line' id='line_1_27' title="bbox 713 3454 2318 3532; baseline -0.001 -16"><span class='ocrx_word' id='word_1_175' title='bbox 713 3455 846 3517; x_wconf 87' lang='lat' dir='ltr'>Nec</span> <span class='ocrx_word' id='word_1_176' title='bbox 880 3475 1194 3532; x_wconf 89' lang='lat' dir='ltr'>superare</span> <span class='ocrx_word' id='word_1_177' title='bbox 1229 3462 1480 3531; x_wconf 88' lang='lat' dir='ltr'>queunt</span> <span class='ocrx_word' id='word_1_178' title='bbox 1514 3461 1731 3517; x_wconf 88' lang='lat' dir='ltr'>motus</span> <span class='ocrx_word' id='word_1_179' title='bbox 1765 3454 1987 3531; x_wconf 90' lang='lat' dir='ltr'>itaque</span> <span class='ocrx_word' id='word_1_180' title='bbox 2022 3454 2318 3516; x_wconf 84' lang='lat' dir='ltr'>exitiales</span> 
     </span>
     <span class='ocr_line' id='line_1_28' title="bbox 587 3558 2895 3643; baseline -0.001 -16"><span class='ocrx_word' id='word_1_181' title='bbox 587 3572 912 3643; x_wconf 87' lang='lat' dir='ltr'>perpetuo</span> <span class='ocrx_word' id='word_1_182' title='bbox 941 3585 1152 3642; x_wconf 90' lang='lat' dir='ltr'>neque</span> <span class='ocrx_word' id='word_1_183' title='bbox 1187 3564 1256 3625; x_wconf 92' lang='lat' dir='ltr'>in</span> <span class='ocrx_word' id='word_1_184' title='bbox 1291 3572 1633 3627; x_wconf 90' lang='lat' dir='ltr'>aeternum</span> <span class='ocrx_word' id='word_1_185' title='bbox 1667 3563 1942 3641; x_wconf 89' lang='lat' dir='ltr'>sepelire</span> <span class='ocrx_word' id='word_1_186' title='bbox 1976 3563 2279 3640; x_wconf 82' lang='lat' dir='ltr'>salutem,</span> <span class='ocrx_word' id='word_1_187' title='bbox 2512 3610 2537 3625; x_wconf 89' lang='lat'>..</span> <span class='ocrx_word' id='word_1_188' title='bbox 2798 3558 2895 3608; x_wconf 81' lang='lat'>570</span> 
     </span>
     <span class='ocr_line' id='line_1_29' title="bbox 585 3673 2007 3751; baseline 0.001 -16"><span class='ocrx_word' id='word_1_189' title='bbox 585 3695 704 3737; x_wconf 88' lang='lat' dir='ltr'>nec</span> <span class='ocrx_word' id='word_1_190' title='bbox 738 3693 937 3751; x_wconf 88' lang='lat' dir='ltr'>porro</span> <span class='ocrx_word' id='word_1_191' title='bbox 969 3694 1191 3736; x_wconf 92' lang='lat' dir='ltr'>rerum</span> <span class='ocrx_word' id='word_1_192' title='bbox 1224 3674 1542 3751; x_wconf 91' lang='lat' dir='ltr'>genitales</span> <span class='ocrx_word' id='word_1_193' title='bbox 1575 3673 2007 3751; x_wconf 86' lang='lat' dir='ltr'>auctificique·</span> 
     </span>
     <span class='ocr_line' id='line_1_30' title="bbox 583 3790 2032 3862; baseline -0.001 -16"><span class='ocrx_word' id='word_1_194' title='bbox 583 3792 800 3848; x_wconf 91' lang='lat' dir='ltr'>motus</span> <span class='ocrx_word' id='word_1_195' title='bbox 831 3792 1152 3862; x_wconf 91' lang='lat' dir='ltr'>perpetuo</span> <span class='ocrx_word' id='word_1_196' title='bbox 1185 3790 1461 3862; x_wconf 88' lang='lat' dir='ltr'>possunt</span> <span class='ocrx_word' id='word_1_197' title='bbox 1493 3804 1760 3847; x_wconf 89' lang='lat' dir='ltr'>seruare</span> <span class='ocrx_word' id='word_1_198' title='bbox 1793 3790 2032 3845; x_wconf 87' lang='lat' dir='ltr'>creata.</span> 
     </span>
     <span class='ocr_line' id='line_1_31' title="bbox 498 3892 2108 3972; baseline -0.002 -15"><span class='ocrx_word' id='word_1_199' title='bbox 498 3895 676 3957; x_wconf 91' lang='lat' dir='ltr'>—sic</span> <span class='ocrx_word' id='word_1_200' title='bbox 710 3915 915 3972; x_wconf 92' lang='lat' dir='ltr'>aequo</span> <span class='ocrx_word' id='word_1_201' title='bbox 947 3894 1203 3972; x_wconf 91' lang='lat' dir='ltr'>geritur</span> <span class='ocrx_word' id='word_1_202' title='bbox 1235 3894 1590 3956; x_wconf 89' lang='lat' dir='ltr'>certamine</span> <span class='ocrx_word' id='word_1_203' title='bbox 1625 3892 2108 3971; x_wconf 87' lang='lat' dir='ltr'>principiorum</span> 
     </span>
    </p>
   </div>
   <div class='ocr_carea' id='block_1_4' title="bbox 607 4026 1808 4087">
    <p class='ocr_par' dir='ltr' id='par_1_4' title="bbox 607 4026 1808 4087">
     <span class='ocr_line' id='line_1_32' title="bbox 607 4026 1808 4087; baseline 0 -12"><span class='ocrx_word' id='word_1_204' title='bbox 607 4027 708 4076; x_wconf 82' lang='lat'>547</span> <span class='ocrx_word' id='word_1_205' title='bbox 731 4030 956 4077; x_wconf 89' lang='lat' dir='ltr'>sumant</span> <span class='ocrx_word' id='word_1_206' title='bbox 992 4026 1141 4077; x_wconf 87' lang='lat' dir='ltr'>oculi</span> <span class='ocrx_word' id='word_1_207' title='bbox 1209 4027 1353 4087; x_wconf 74' lang='lat' dir='ltr'>vuly.</span> <span class='ocrx_word' id='word_1_208' title='bbox 1389 4030 1686 4077; x_wconf 88' lang='lat' dir='ltr'>sumantur</span> <span class='ocrx_word' id='word_1_209' title='bbox 1720 4026 1808 4076; x_wconf 89' lang='lat' dir='ltr'>uti</span> 
     </span>
    </p>
   </div>
   <div class='ocr_carea' id='block_1_5' title="bbox 1595 4170 1709 4221">
    <p class='ocr_par' dir='ltr' id='par_1_5' title="bbox 1595 4170 1709 4221">
     <span class='ocr_line' id='line_1_33' title="bbox 1595 4170 1709 4221; baseline -0.009 0"><span class='ocrx_word' id='word_1_210' title='bbox 1595 4170 1709 4221; x_wconf 80' lang='lat'>[58]</span> 
     </span>
    </p>
   </div>
  </div>
 </body>
</html>
