3182 4602
1138 392 1198 440 T.
1236 391 1561 441 LVGRETI
1599 390 1777 442 CARI

395 627 514 670 nec
547 606 724 670 foret
757 607 1043 670 offensus
1074 614 1281 670 natus·
1302 627 1422 670 nec
1456 609 1659 685 plaga
1687 614 1909 670 creata

397 716 780 795 principiis:
815 717 910 780 ita
941 717 1038 779 nil
1070 738 1383 794 umquam
1415 723 1665 780 natura
1693 723 1992 780 creasset.

435 828 717 904 —Quod
751 826 806 889 si
842 827 1017 889 forte
1055 827 1295 905 aliquis
1329 827 1540 890 credit
1577 827 1890 905 grauiora
1924 833 2176 904 potesse
2280 842 2285 848 ’
2608 822 2710 871 225

397 957 674 1015 corpora
716 937 882 1014 (quo
910 937 1110 1000 citius
1139 944 1393 1000 rectum
1425 955 1544 1015 per
1577 937 1775 1000 inane
1807 936 2156 1012 feruntur)

397 1047 687 1111 incidere
721 1067 801 1108 ex
836 1067 1077 1125 supero
1109 1047 1464 1110 levioribus
1499 1053 1699 1123 atque
1733 1047 1829 1109 ita
1864 1047 2096 1124 plagas

397 1157 666 1234 gignere
701 1178 867 1235 quae
904 1157 1156 1236 possint
1191 1157 1498 1235 genitalis
1534 1157 1809 1219 reddere
1843 1163 2077 1232 motuS,

400 1266 593 1330 auius
626 1289 664 1330 a
697 1288 859 1330 uera
894 1268 1094 1346 longe
1120 1268 1376 1330 ratione
1409 1267 1677 1330 recedit.

314 1397 552 1440 —snam
584 1398 703 1454 per
735 1397 940 1454 aquas
973 1397 1420 1454 quaecumque
1453 1379 1706 1439 cadunt
1737 1383 1934 1454 atque
1968 1396 2124 1439 aera
2150 1396 2399 1452 rarum,
2612 1371 2713 1420 230

398 1488 558 1551 haec
593 1507 718 1565 pro
750 1488 1154 1565 ponderibus
1188 1507 1376 1550 casus
1413 1488 1698 1550 celerare
1732 1493 2051 1549 necessest
2117 1501 2121 1508 ·

401 1604 753 1675 propterea
788 1598 944 1675 quia
977 1617 1217 1675 corpus
1251 1617 1458 1674 aquae
1491 1603 1866 1673 naturaque
1899 1595 2119 1658 tenuis

402 1707 572 1770 aeris
603 1709 768 1770 haut
803 1714 1079 1786 possunt
1114 1728 1317 1784 aeque
1350 1728 1489 1769 rem
1522 1727 1850 1784 quamque
1883 1705 2147 1782 morari,

400 1818 515 1879 sed
549 1816 746 1880 citius
778 1819 1022 1880 cedunt
1057 1816 1478 1895 grauioribus
1513 1824 1928 1895 exsuperata.

403 1934 473 1990 at
505 1934 738 1990 contra
768 1928 939 1989 nulli
973 1929 1054 1991 de
1088 1928 1274 1990 nulla
1307 1935 1498 2005 parte
1532 1947 1743 2004 neque
1776 1926 1914 1988 ullo
2044 1954 2049 1956 ·
2614 1921 2717 1970 235

401 2043 695 2115 tempore
732 2037 928 2100 inane
963 2045 1180 2115 potest
1214 2057 1501 2100 uacuum
1537 2037 1889 2101 subsistere
1927 2036 2042 2112 rei,

405 2147 585 2224 quin,
621 2169 741 2210 sua
774 2149 949 2225 quod
981 2154 1230 2210 natura
1261 2147 1448 2225 petit,
1485 2148 1836 2210 concedere
1872 2153 2108 2224 pergat
2128 2156 2168 2222 ;'

404 2257 624 2322 omnia
657 2259 1336 2336 quapropter'debent
1371 2278 1490 2336 per
1523 2257 1720 2320 inane
1753 2256 2049 2334 quietum

404 2389 607 2445 aeque
640 2369 1044 2446 ponderibus
1077 2388 1209 2430 non
1243 2368 1472 2446 aequis
1501 2368 1758 2430 concita
1792 2366 1978 2430 ferri.

319 2479 584 2541 —haud
616 2478 826 2556 igitur
858 2484 1176 2555 poterunt
1207 2478 1562 2541 levioribus
1596 2478 1885 2539 incidere
1917 2497 2231 2554 umquam
2618 2471 2719 2521 240

406 2610 484 2651 ex
516 2608 759 2665 supero
790 2588 1104 2665 grauiora
1133 2608 1344 2665 neque
1377 2586 1851 2665 ictus-gignere
1884 2607 2003 2664 per
2037 2607 2103 2649 se

407 2698 520 2776 qui
555 2698 821 2761 uarient
855 2705 1072 2760 motus
1109 2718 1227 2775 per
1264 2718 1424 2775 quos
1458 2703 1707 2760 natura
1742 2703 1930 2774 gerat
1965 2716 2087 2758 res.

407 2829 610 2886 quare
643 2807 842 2871 etiam
875 2813 1071 2886 atque
1105 2808 1302 2871 etiam
1338 2808 1613 2886 paulum
1646 2800 1967 2870 inclinare
1997 2813 2317 2869 necessest

406 2938 717 2996 corpora3
749 2939 869 2980 nec
901 2918 1052 2996 plus
1085 2939 1280 2996 quam
1309 2916 1677 2993 minimum,
1711 2936 1793 2978 ne
1824 2916 2071 2993 fingere
2102 2922 2318 2978 motus

407 3028 702 3106 obliquos
733 3027 1083 3090 uideamur
1115 3034 1181 3091 et
1211 3028 1281 3089 id
1313 3047 1416 3090 res
1446 3048 1612 3089 uera
1639 3025 1911 3089 refutet.
2066 3046 2071 3053 ·
2426 3048 2435 3061 ’
2620 3020 2721 3069 245

377 3138 692 3215 (namque
720 3139 841 3200 hoc
871 3138 941 3198 in
971 3136 1875 3215 promptu-manifestumque
1908 3156 2041 3199 esse
2070 3135 2391 3211 uidemuS,

408 3249 722 3326 pondera,
759 3255 1083 3325 quantum
1118 3246 1189 3308 in
1231 3253 1538 3323 <s>est,
1576 3266 1710 3309 non
1744 3266 1931 3323 posse
1966 3245 2230 3323 obliqua
2263 3266 2499 3321 meare,

407 3379 487 3420 ex
520 3377 764 3435 supero
796 3368 944 3419 cum
979 3356 1446 3435 praecipitant,
1484 3357 1660 3433 quod
1696 3375 1959 3417 cernere
1997 3354 2237 3433 possis;

407 3468 519 3529 sed
555 3466 724 3528 nihil
761 3466 1023 3529 omnino
1068 3473 1395 3539 <recta>
1439 3466 1704 3544 regione
1739 3464 1879 3527 uiai

407 3576 741 3641 declinare
773 3576 921 3653 quis
953 3582 1047 3638 est
1079 3576 1194 3653 qui
1225 3576 1430 3653 possit
1461 3595 1725 3637 cernere
1757 3595 1891 3637 sese
1910 3575 1968 3651 ⁴3)
2621 3570 2724 3620 250

448 3686 837 3763 —Denique
873 3686 929 3747 si
963 3705 1218 3763 semper
1251 3691 1470 3747 motus
1504 3685 1869 3747 conectitur
1906 3684 2117 3747 omnis

410 3804 474 3860 et
509 3802 734 3859 uetere
768 3796 1064 3859 exoritur
1108 3806 1172 3868 <
1181 3804 1511 3873 semper>
1555 3814 1771 3857 nouus
1805 3793 2036 3858 ordine
2071 3801 2251 3857 certo

408 3926 530 3970 nec
564 3905 960 3969 declinando
991 3905 1252 3968 faciunt
1285 3903 1652 3982 primordia
1683 3910 1899 3966 motus
2136 3917 2139 3919 ’

411 4015 820 4094 principium
853 4015 1182 4092 quoddam
1215 4015 1390 4091 quod
1422 4013 1552 4075 fati
1581 4013 1855 4076 foedera
1881 4019 2169 4091 rumpat,

1423 4168 1536 4220 [47]
