3182 4602
1103 400 1207 449 DE
1244 399 1507 449 RERVM
1543 398 1853 448 NATVRA
1901 398 1947 447 V

499 612 841 677 infantum
870 613 1140 691 fugiens
1166 634 1458 678 umorem
1489 634 1817 691 aurasque
1848 621 2198 692 petessens,
2718 607 2819 656 810

500 724 927 786 conuertebat
964 723 1056 785 ibi
1090 731 1336 786 natura
1374 723 1707 787 foramina
1741 731 1958 786 terrae

501 837 565 894 et
597 852 826 895 sucum
858 831 1046 895 uenis
1079 834 1350 910 cogebat
1383 832 1668 897 fundere
1702 833 1953 911 apertis

501 941 901 1003 consimilem
931 942 1155 1019 lactis3
1189 943 1359 1005 sicut
1393 963 1570 1005 nunc
1604 942 1854 1005 femina
1885 961 2181 1019 quaeque

502 1072 650 1113 cum
680 1051 960 1129 peperit,
994 1052 1171 1114 dulci
1202 1052 1500 1130 repletur
1530 1052 1717 1127 lacte,
1752 1053 1927 1128 quod
1959 1051 2168 1114 omnis

499 1161 786 1238 impetus
818 1161 889 1222 in
919 1182 1232 1224 mammas
1265 1161 1681 1224 conuertitur
1713 1161 1824 1224 ille
1857 1160 2173 1223 alimenti.
2722 1157 2823 1206 815

500 1275 683 1332 terra
715 1269 932 1332 cibum
966 1270 1207 1346 pueriS,
1239 1277 1488 1333 uestem
1519 1290 1751 1348 uapor,
1784 1271 1988 1332 herba
2020 1269 2233 1332 cubile

502 1380 859 1456 praebebat
890 1380 1102 1442 multa
1135 1387 1199 1443 et
1231 1380 1412 1442 molli
1443 1379 1759 1456 lanugine
1793 1380 2158 1442 abundans.

416 1496 573 1551 -at
606 1489 870 1550 nouitas
902 1489 1134 1550 mundi
1167 1510 1287 1551 nec
1322 1488 1578 1566 frigora
1611 1489 1786 1551 dura
1819 1488 2031 1551 ciebat

502 1618 621 1661 nec
653 1598 890 1660 nimios
925 1604 1144 1660 aestus
1175 1618 1294 1660 nec
1328 1597 1584 1676 magnis
1616 1597 1877 1660 uiribus
1910 1618 2125 1661 auraS.

505 1708 723 1770 omnia
757 1707 930 1769 enim
962 1707 1216 1785 pariter
1250 1714 1552 1770 crescunt
1585 1715 1649 1770 et
1684 1709 1919 1770 robora
1950 1712 2241 1770 sumunt.
2721 1703 2819 1752 820

631 1903 850 1980 Quare
881 1902 1078 1964 etiam
1109 1909 1304 1978 atque
1336 1901 1533 1965 etiam
1560 1908 1934 1963 maternum
1962 1921 2200 1964 nomen
2231 1901 2473 1978 adepta

504 2020 685 2074 terra
717 2019 898 2074 tenet
930 2011 1183 2088 merit0,
1219 2011 1529 2088 quoniam
1564 2032 1773 2088 genus
1804 2011 1951 2088 ipsa
1983 2010 2235 2072 creauit

503 2123 867 2184 humanum
903 2127 1100 2198 atque
1135 2121 1381 2184 animal
1415 2141 1622 2199 prope
1657 2128 1833 2184 certo
1867 2128 2161 2198 tempore
2197 2119 2381 2182 fudit

507 2251 692 2293 omne
723 2232 899 2309 quod
930 2231 1000 2292 in
1029 2231 1288 2309 magnis
1318 2232 1678 2293 bacchatur
1707 2229 2038 2292 montibu'
2071 2229 2334 2308 passim,

506 2342 844 2418 aeriasque
879 2342 1075 2403 simul
1108 2343 1408 2403 uolucres
1442 2340 1859 2403 uariantibu'
1898 2340 2149 2402 formis
2724 2335 2823 2384 825

505 2451 618 2512 sed
651 2450 808 2528 quia
839 2451 1035 2511 finem
1070 2450 1358 2528 aliquam
1392 2450 1697 2529 pariendi
1732 2452 1922 2512 debet
1954 2451 2214 2527 habere,

508 2560 782 2636 destitit,
814 2568 892 2622 ut
922 2560 1159 2623 mulier
1189 2560 1407 2639 spatio
1437 2559 1697 2623 defessa
1726 2566 2009 2622 uetusto

422 2677 723 2732 —mutat
757 2670 931 2731 enim
962 2670 1196 2733 mundi
1230 2677 1541 2733 naturam
1575 2670 1781 2732 totius
1816 2676 1996 2733 aetas

508 2802 586 2842 ex
619 2780 874 2856 alioque
907 2779 1078 2841 alius
1109 2786 1323 2842 status
1353 2780 1653 2857 excipere
1687 2778 1904 2842 omnia
1936 2780 2146 2854 debet,

506 2910 626 2951 nec
657 2895 878 2951 manet
907 2890 1046 2951 ulla
1075 2889 1178 2951 sui
1209 2889 1440 2951 similis
1471 2908 1607 2950 res:
1643 2888 1860 2951 omnia
1892 2888 2202 2965 migrant,
2724 2882 2822 2931 830

510 2999 727 3061 omnia
758 3005 1115 3061 commutat
1144 3005 1390 3061 natura
1421 3006 1484 3061 et
1516 3006 1777 3061 uertere
1810 2998 2001 3075 cogit.

508 3129 789 3185 namque
823 3108 990 3171 aliut
1023 3108 1346 3186 putrescit
1379 3115 1442 3170 et
1477 3127 1642 3170 aeuo
1673 3107 1884 3169 debile
1915 3108 2208 3183 languet,

509 3238 709 3296 porro
743 3218 909 3280 aliut
953 3218 1467 3296 <pul>crescit
1501 3224 1563 3278 et
1607 3226 1789 3288 <e>
1835 3216 2319 3293 contemptibus
2352 3214 2507 3277 exit.

423 3327 600 3390 ——sic
632 3328 840 3405 igitur
871 3327 1103 3389 mundi
1137 3334 1448 3389 naturam
1479 3326 1685 3388 totius
1718 3332 1898 3389 aetas

509 3444 725 3499 mutat
759 3442 822 3500 et
857 3458 935 3499 ex
970 3436 1099 3499 alio
1130 3443 1378 3499 terram
1411 3443 1625 3497 status
1660 3435 1904 3513 excipit
1940 3436 2141 3510 alter;
2724 3430 2823 3479 835

511 3547 686 3623 quod
720 3546 941 3624 potuit
973 3553 1171 3623 queat
1205 3553 1301 3621 ut,
1338 3545 1543 3623 possit
1579 3545 1754 3621 quod
1786 3564 1919 3606 non
1955 3544 2113 3606 tulit
2148 3549 2319 3606 ante.

510 3657 854 3733 Multaque
890 3662 1034 3717 tum
1069 3656 1266 3718 tellus
1303 3654 1501 3717 etiam
1538 3661 1849 3732 portenta
1886 3674 2107 3717 creare

511 3773 807 3829 conatast
840 3765 1010 3828 mira
1044 3764 1214 3828 facie
1248 3763 1683 3840 membrisque
1717 3769 1958 3839 coorta,

532 3906 632 3953 823
656 3906 789 3966 fort.
823 3909 1094 3969 provecto

533 3974 632 4021 833
655 3973 798 4033 vulg.
832 3972 1082 4022 clarescit

535 4041 635 4089 836
655 4041 846 4104 potuit
875 4044 1121 4104 nequeat

1503 4183 1651 4235 [192]
