3182 4602
1093 405 1196 456 DE
1232 405 1496 456 RERVM
1532 404 1843 455 NATVRA
1871 394 1949 456 ἸΙ

492 620 736 699 quique
765 641 884 684 suo
910 642 1146 699 genere
1175 621 1351 685 inter
1379 641 1446 686 se
1476 621 1687 684 simile
1718 641 1852 684 esse
1881 620 2157 698 uidebis,

491 730 655 808 quin
683 730 1090 795 intercurrat
1123 732 1443 809 quaedam
1475 730 1797 795 distantia
1830 729 2082 793 formis.

460 841 1018 918 (concharumque
1049 860 1256 918 genus
1285 839 1488 919 parili
1517 840 1775 904 ratione
1806 839 2108 902 uidemus

491 949 764 1028 pingere
797 949 1056 1012 telluris
1087 949 1429 1028 gremium,
1462 970 1596 1028 qua
1626 949 1932 1012 mollibus
1961 948 2162 1012 undis

491 1059 708 1122 litoris
744 1059 1010 1122 incurui
1045 1059 1340 1122 bibulam
1379 1059 1572 1138 pauit
1611 1079 1854 1137 aequor
1890 1057 2259 1134 harenam.)

405 1189 696 1246 -quare
728 1168 928 1233 ctiam
959 1175 1156 1246 atque
1191 1169 1390 1234 etiam
1421 1169 1622 1232 simili
1652 1168 1911 1232 ratione
1942 1174 2281 1245 necessest,

489 1284 736 1342 natura
765 1278 1077 1356 quoniam
1105 1285 1409 1342 constant
1440 1298 1651 1356 neque
1684 1277 1869 1342 facta
1894 1298 2097 1341 manu
2128 1282 2288 1340 sunt

491 1388 693 1450 unius
725 1389 810 1451 ad
843 1395 1090 1451 certam
1121 1387 1404 1451 formam
1437 1387 1806 1467 primordia
1837 1408 2081 1464 rerum,

493 1497 796 1560 dissimili
829 1498 1005 1560 inter
1038 1517 1104 1560 se
1137 1499 1460 1575 quaedam
1490 1496 1773 1560 uolitare
1806 1497 2040 1574 figura.

619 1775 947 1839 Perfacile
979 1783 1074 1839 est
1105 1776 1309 1840 animi
1339 1776 1596 1842 ratione
1626 1776 1959 1840 exsoluere
1990 1775 2179 1838 nobis

495 1906 698 1963 quare
733 1885 1094 1949 fulmineus
1125 1886 1337 1949 multo
1368 1885 1772 1964 penetralior
1806 1885 1980 1963 ignis

494 2015 691 2072 quam
723 2002 943 2058 noster
974 1995 1126 2058 fuat
1159 2016 1191 2058 e
1222 1995 1436 2058 taedis
1466 1994 1892 2058 terrestribus
1924 2001 2128 2058 ortus,

495 2105 710 2168 dicere
745 2104 918 2168 enim
953 2105 1160 2182 possis
1193 2105 1531 2168 caelestem
1568 2104 1873 2167 fulminis
1904 2104 2124 2182 ignem

495 2213 806 2291 suptilem
835 2214 1045 2292 magis
1075 2234 1108 2276 e
1141 2214 1371 2292 paruis
1403 2221 1702 2277 constare
1733 2213 1967 2291 figuris

495 2330 693 2401 atque
725 2324 873 2387 ideo
901 2324 1187 2389 transire
1219 2324 1551 2388 foramina
1582 2345 1749 2402 quae
1781 2324 2011 2402 nequit
2043 2324 2217 2402 ignis

494 2440 716 2496 noster
746 2434 853 2496 hic
884 2454 916 2495 e
947 2434 1146 2511 lignis
1176 2440 1363 2497 ortus
1390 2435 1715 2511 taedaque
1747 2441 2025 2497 creatus,

1324 2540 1424 2589 DE
1473 2540 1781 2591 LVMINE

494 2635 841 2705 praeterea
871 2630 1093 2691 lumen
1127 2649 1244 2707 per
1278 2650 1550 2691 cornum
1583 2628 1847 2705 transit,
1883 2636 1951 2692 at
1984 2628 2190 2692 imber

495 2737 854 2815 respuitur.
929 2742 1174 2816 quare?
1207 2738 1336 2799 nisi
1365 2738 1637 2800 luminis
1666 2738 1782 2801 illa
1812 2738 2070 2802 minora

497 2867 773 2924 corpora
801 2854 954 2910 sunt
985 2868 1182 2925 quam
1212 2850 1291 2910 de
1321 2848 1559 2925 quibus
1589 2854 1685 2910 est
1715 2848 1932 2925 liquor
1964 2848 2175 2911 almus
2204 2868 2547 2925 aquarum.

490 2963 561 3019 ,ct
596 2956 900 3033 quamuis
931 2957 1149 3020 subito
1183 2978 1302 3035 per
1335 2957 1548 3020 colum
1582 2958 1746 3021 uina
1778 2958 2081 3021 uidemus

1383 3064 1483 3113 DE
1527 3063 1724 3114 OLEO

497 3151 855 3229 perfluere;
888 3158 959 3215 at
987 3158 1217 3215 contra
1246 3154 1514 3215 tardum
1548 3142 1902 3215 cunctatur
1934 3152 2194 3229 oliuom,

497 3267 613 3323 aut
646 3260 801 3338 quia
831 3261 1146 3324 nimirum
1175 3262 1534 3325 maioribus
1566 3268 1663 3324 est
1696 3262 2030 3324 elementis

498 3377 614 3433 aut
643 3370 853 3448 magis
881 3372 1118 3434 amatis
1145 3371 1320 3433 inter
1349 3391 1415 3435 se
1448 3391 1695 3449 perque
1727 3371 2008 3449 plicatiS,

498 3486 694 3558 atque
725 3480 874 3542 ideo
899 3480 975 3542 fit
1005 3481 1107 3543 uti
1136 3499 1269 3542 non
1299 3487 1436 3543 tam
1465 3480 1741 3543 diducta
1770 3487 2041 3558 repente

496 3589 673 3651 inter
700 3610 766 3653 se
795 3589 1046 3667 possint
1075 3589 1440 3667 primordia
1470 3589 1733 3667 singula
1762 3609 2058 3667 quaeque

497 3698 758 3776 singula
792 3719 910 3776 per
942 3698 1257 3776 cuiusque
1292 3697 1625 3761 foramina
1656 3719 2064 3776 permanare.

1354 3804 1455 3853 DE
1493 3803 1756 3853 MELLE

624 3893 776 3956 Huc
810 3893 1059 3955 accedit
1091 3893 1194 3955 uti
1225 3892 1436 3957 mellis
1467 3892 1787 3969 lactisque
1820 3893 2107 3970 liquores

497 4002 790 4065 iucundo
825 4022 1016 4064 sensu
1052 4002 1319 4079 linguae
1352 4008 1729 4065 tractentur
1764 4002 1834 4063 in
1871 4021 2014 4079 ore;

1461 4214 1466 4219 .
1503 4174 1617 4225 [52]

2704 945 2807 994 375

2704 1492 2803 1543 380

2705 2211 2811 2260 385

2706 2846 2815 2895 390·

2704 3479 2817 3529 395.
