3182 4602
1080 517 1180 565 DE
1218 516 1481 565 RERVM
1517 515 1826 565 NATVRA
1867 516 1900 565 I

447 729 734 808 grandia
761 751 952 807 saxa3
987 730 1125 793 ruit
1159 750 1292 809 qua
1321 730 1637 808 quicquid
1673 730 1985 793 fluctibus
2015 730 2283 806 obstat.)

447 840 540 903 sic
575 839 784 918 igitur
821 841 1060 903 debent
1094 841 1282 903 uenti
1316 860 1574 918 quoque
1612 840 1881 903 flamina
1917 839 2103 916 ferri,
2660 835 2762 884 290

448 970 616 1028 quae
650 949 864 1013 ueluti
898 950 1203 1014 ualidum
1236 971 1385 1013 cum
1421 950 1665 1012 flumen
1701 950 2107 1028 procubuere

449 1060 809 1137 quamlibet
843 1060 914 1121 in
948 1067 1225 1138 partem,
1257 1060 1545 1122 trudunt
1580 1080 1687 1122 res
1717 1064 1871 1122 ante
1904 1065 2241 1136 ruuntque

449 1169 805 1247 impetibus
838 1169 1102 1245 crebris,
1136 1169 1473 1231 interdum
1505 1169 1754 1231 uertice
1787 1175 1965 1231 torto

449 1279 822 1357 corripiunt
862 1279 1214 1356 rapidique
1254 1278 1504 1340 rotanti
1542 1278 1811 1341 turbine
1852 1255 2144 1356 portant.

366 1409 654 1466 —quare
686 1389 885 1451 etiam
919 1395 1116 1465 atque
1152 1387 1350 1451 etiam
1383 1395 1538 1450 sunt
1572 1387 1759 1450 uenti
1794 1407 2071 1466 corpora
2104 1407 2310 1464 caeca,
2661 1383 2763 1432 295

450 1498 983 1575 quandoquidem
1017 1497 1216 1560 factis
1248 1504 1312 1561 et
1344 1497 1638 1560 moribus
1668 1497 1925 1560 aemula
1956 1496 2214 1574 magnis

451 1607 754 1670 amnibus
792 1607 1251 1683 inueniuntur,
1292 1614 1525 1685 aperto
1560 1626 1832 1685 corpore
1870 1607 1985 1684 qui
2022 1613 2196 1670 sunt.

834 1714 934 1763 DE
976 1712 1228 1764 ODORE
1274 1713 1570 1764 CALORE
1614 1712 1945 1763 FRIGORE
1991 1712 2187 1764 VOCE

367 1805 592 1864 —tum
627 1822 828 1880 porro
860 1801 1084 1865 uarios
1120 1822 1343 1864 rerum
1377 1803 1698 1865 sentimus
1736 1803 1966 1864 odores

449 1932 567 1974 nec
600 1919 822 1975 tamen
854 1913 939 1974 ad
972 1911 1154 1974 naris
1186 1911 1514 1976 uenientis
1547 1910 1876 1974 cernimus
1907 1931 2241 1988 umquam,

449 2041 567 2084 nec
603 2020 848 2085 calidos
885 2028 1103 2084 aestus
1137 2021 1392 2084 tuimur
1428 2041 1545 2082 nec
1584 2020 1841 2098 frigora
1876 2021 2137 2099 quimus
2660 2017 2762 2066 300

448 2151 775 2209 usurpare
808 2130 1012 2194 oculis
1045 2152 1163 2194 nec
1195 2151 1388 2193 uoces
1419 2151 1685 2194 cernere
1718 2151 2014 2207 suemus;

421 2240 618 2319 (quae
649 2248 870 2304 tamen
906 2240 1126 2305 omnia
1155 2260 1468 2319 corporea
1501 2247 1799 2303 constare
1832 2247 2151 2304 necessest

451 2358 713 2428 natura,
749 2351 1058 2428 quoniam
1093 2372 1319 2414 sensus
1353 2351 1670 2429 inpellere
1707 2358 2017 2428 possunt;

453 2464 721 2539 tangere
754 2460 931 2524 enim
959 2468 1025 2524 et
1056 2461 1263 2538 tangi,
1299 2460 1427 2522 nisi
1462 2481 1719 2538 corpuS,
1754 2461 1943 2523 nulla
1974 2466 2188 2538 potest
2221 2461 2388 2537 res).

1040 2566 1322 2616 VESTES
1364 2566 1641 2616 VVESCI
1681 2567 1777 2616 ΕΤ
1818 2566 2091 2616 ARESCI

370 2656 731 2734 —denique
767 2654 1153 2733 fluctifrago
1183 2675 1534 2734 suspensae
1570 2655 1642 2715 in
1672 2655 1865 2717 litore
1900 2662 2113 2717 uestes
2505 2672 2511 2677 ·
2610 2631 2620 2643 ’
2660 2652 2763 2701 305

450 2772 794 2842 uuescunt,
830 2766 1092 2827 eaedem
1128 2765 1476 2843 dispansae
1510 2764 1581 2825 in
1615 2765 1746 2827 sole
1781 2771 2134 2827 serescunt.

451 2881 519 2937 at
550 2894 761 2951 neque
796 2894 928 2951 quo
956 2880 1150 2952 pacto
1183 2873 1547 2952 persederit
1577 2894 1770 2937 umor
1804 2874 2001 2950 aquai

450 2983 732 3046 uisumst
762 3004 880 3046 nec
912 3004 1178 3046 rursum
1211 3004 1340 3060 quo
1371 2990 1566 3061 pacto
1598 2983 1852 3061 fugerit
1884 2990 2088 3046 aestu.

451 3093 520 3154 in
559 3113 805 3171 paruas
841 3092 1050 3170 igitur
1089 3093 1301 3171 partis
1338 3093 1751 3171 dispergitur
1788 3094 2023 3155 humor

451 3223 614 3279 quas
648 3203 821 3265 oculi
855 3203 1045 3265 nulla
1077 3208 1352 3280 possunt
1388 3202 1645 3265 ratione
1681 3202 1928 3265 uidere.
2282 3281 2286 3285 ·
2661 3200 2763 3249 310

836 3309 936 3358 DE
980 3308 1243 3359 ANVLO
1287 3310 1374 3358 IN
1421 3308 1683 3359 DIGITO
1729 3309 1825 3358 ΕΤ
1872 3309 2187 3359 CETERIS

368 3396 614 3475 —quin
648 3396 846 3460 etiam
878 3397 1106 3459 multis
1139 3397 1294 3459 solis
1325 3398 1757 3459 redeuntibus
1791 3396 1986 3459 annis

451 3507 692 3569 anulus
724 3507 794 3567 in
826 3506 1039 3584 digito
1070 3508 1296 3569 subter
1328 3512 1649 3569 tenuatur
1681 3507 2000 3583 habend0,

451 3616 724 3679 stilicidi
758 3636 946 3678 casus
975 3616 1266 3694 lapidem
1299 3623 1512 3691 cauat,
1547 3637 1759 3678 uncus
1792 3617 2002 3679 aratri

453 3725 711 3789 ferreus
745 3725 994 3789 occulte
1030 3725 1344 3788 decrescit
1380 3745 1607 3787 uomer
1639 3726 1709 3786 in
1745 3726 1944 3802 aruiS,

450 3842 791 3912 strataque
825 3834 955 3897 iam
987 3835 1168 3912 uolgi
1201 3832 1481 3912 pedibus
1514 3835 1762 3897 detrita
1793 3834 2058 3898 uiarum
2661 3834 2764 3883 315

451 3964 645 4007 saxea
679 3944 1149 4022 conspicimus3
1184 3950 1328 4006 tum
1364 3950 1591 4022 portas
1628 3951 1901 4022 propter
1937 3965 2101 4007 aena

449 4054 640 4132 signa
666 4073 902 4117 manus
931 4054 1200 4116 dextras
1227 4054 1585 4116 ostendunt
1614 4054 1966 4117 adtenuari

451 4184 643 4242 saepe
677 4164 1090 4226 salutantum
1121 4167 1306 4226 tactu
1342 4170 1734 4241 praeterque
1767 4170 2121 4226 meantum.

1459 4304 1573 4356 [11]
