3182 4602
1162 424 1222 472 T.
1264 423 1590 475 LVGRETI
1632 423 1809 474 CARI

413 638 568 702 inde
604 639 986 702 minutatim
1019 646 1200 701 retro
1233 645 1622 716 contorquet
1658 644 1722 702 et
1757 637 1982 702 aufert
2628 634 2730 684 725

411 748 762 811 luciferam
797 755 1056 826 partem
1090 748 1580 826 glomeraminis
1613 755 1809 825 atque
1844 747 2006 825 pilai

379 859 492 935 (ut
525 858 932 935 Babylonica
969 858 1373 922 Chaldaeum
1406 858 1710 920 doctrina
1743 857 2053 920 refutans

413 969 893 1046 astrologorum
928 974 1137 1031 artem
1171 975 1402 1031 contra
1433 967 1822 1030 conuincere
1856 967 2093 1042 tendit,

411 1078 691 1156 proinde
723 1078 912 1156 quasi
942 1078 1012 1140 id
1042 1077 1186 1141 fieri
1213 1084 1499 1155 nequeat
1531 1079 1708 1155 quod
1737 1085 1997 1155 pugnat
2026 1083 2307 1155 uterque

412 1195 531 1250 aut
562 1188 782 1251 minus
814 1189 936 1250 hoc
970 1189 1086 1250 illo
1117 1188 1202 1250 sit
1238 1209 1356 1250 cur
1394 1187 1777 1265 amplectier
1812 1187 2051 1264 ausis).
2627 1183 2729 1232 730

324 1298 695 1375 —denique
733 1319 851 1360 cur
885 1305 1170 1375 nequeat
1205 1317 1461 1375 semper
1494 1318 1675 1360 noua
1706 1299 1867 1360 luna
1904 1297 2117 1360 creari

410 1409 641 1472 ordine
680 1407 1046 1471 formarum
1085 1415 1266 1471 certo
1300 1408 1626 1484 certisque
1662 1406 1899 1485 figuris

410 1517 609 1594 inque
645 1517 782 1602 dies
818 1517 1044 1594 priuos
1079 1517 1355 1580 aborisci
1392 1538 1687 1594 quaeque
1721 1524 1945 1580 creata

411 1635 608 1704 atque
650 1627 780 1690 alia
818 1627 998 1689 illius
1036 1627 1338 1705 reparari
1379 1627 1450 1688 in
1489 1633 1682 1705 parte
1720 1628 2006 1704 locoque,

408 1737 734 1799 difficilest
765 1737 1022 1800 ratione
1055 1739 1285 1800 docere
1317 1744 1382 1800 et
1415 1737 1682 1800 uincere
1714 1737 1955 1813 uerbiS,
2625 1733 2726 1782 735

408 1847 640 1909 ordine
673 1867 821 1909 cum
863 1858 927 1919 <
937 1847 1304 1924 quierint>
1346 1854 1484 1910 tam
1517 1854 1698 1910 certo
1727 1848 1942 1909 multa
1970 1844 2201 1909 creari.

1033 1953 1134 2003 DE
1174 1954 1372 2003 ANNI
1413 1953 1904 2004 TEMPORIBVS

404 2041 460 2104 it
493 2062 613 2104 uer
647 2049 710 2104 et
744 2043 988 2118 VenuS,
1024 2049 1088 2105 et
1120 2043 1400 2105 Veneris
1432 2043 1874 2121 praenuntius
1905 2049 2059 2106 ante

408 2158 740 2228 pennatus
775 2152 1102 2230 graditur,
1137 2153 1410 2230 zephyri
1443 2153 1728 2231 uestigia
1763 2160 2038 2231 propter

407 2261 612 2325 Flora
645 2261 884 2339 quibus
915 2269 1127 2326 mater
1161 2283 1643 2341 praespargens
1677 2270 1829 2327 ante
1862 2262 2002 2326 uiai

407 2379 648 2434 cuncta
681 2372 1006 2435 coloribus
1039 2373 1319 2450 egregiis
1353 2380 1418 2435 et
1451 2373 1760 2436 odoribus
1796 2374 2041 2452 opplet.
2619 2370 2722 2419 740

407 2480 561 2544 inde
592 2482 719 2543 loci
751 2482 1052 2559 sequitur
1085 2483 1263 2545 calor
1299 2482 1527 2545 aridus
1561 2490 1627 2547 et
1662 2504 1871 2546 comes
1903 2503 2041 2546 una

406 2592 881 2668 puluerulenta
918 2592 1114 2655 Ceres
1157 2600 1371 2664 <et>
1419 2592 1621 2656 etesia
1656 2593 1864 2656 flabra
1902 2592 2304 2669 aquilonum.

406 2700 561 2763 inde
597 2708 956 2763 autumnus
992 2702 1153 2780 adit,
1191 2702 1500 2780 graditur
1535 2702 1731 2765 simul
1768 2702 2028 2764 Euhius
2062 2702 2278 2765 Euan.

405 2810 560 2871 inde
595 2810 762 2873 aliae
793 2818 1218 2889 tempestates
1247 2811 1562 2890 uentique
1598 2819 1932 2889 secuntur,

406 2920 766 2983 altitonans
800 2921 1174 2984 Volturnus
1207 2929 1271 2985 et
1306 2929 1528 2985 auster
1564 2921 1846 2985 fulmine
1882 2921 2153 2999 pollens
2618 2919 2721 2968 745

405 3031 673 3092 tandem
710 3031 949 3093 bruma
981 3031 1169 3093 niues
1209 3032 1433 3094 adfert
1471 3032 1867 3110 pigrumque
1906 3032 2190 3109 rigorem

403 3140 626 3202 reddit
658 3140 931 3219 hiemps,
967 3140 1266 3218 sequitur
1298 3142 1632 3219 crepitans
1664 3143 1834 3204 hanc
1868 3141 2177 3204 dentibus
2210 3142 2413 3219 algor.

321 3270 535 3327 —quo
564 3250 782 3311 minus
815 3255 912 3311 est
943 3250 1185 3312 mirum
1217 3250 1272 3312 si
1305 3258 1484 3313 certo
1515 3258 1807 3329 tempore
1839 3251 2002 3314 luna

404 3360 703 3437 gignitur
733 3366 796 3422 et
829 3367 1006 3423 certo
1038 3360 1296 3423 deletur
1327 3367 1620 3437 tempore
1652 3381 1867 3436 rusu8‚
2096 3345 2100 3352 ¹

404 3489 551 3531 cum
580 3468 725 3530 fieri
757 3468 1010 3546 possint
1041 3476 1178 3531 tam
1212 3477 1392 3532 certo
1420 3477 1712 3548 tempore
1746 3471 1974 3532 multa.
2616 3467 2717 3515 750

1179 3576 1344 3633 <DE
1386 3575 1747 3634 ECLIPSI>

529 3662 699 3726 Solis
734 3663 890 3725 item
925 3684 1180 3741 quoque
1214 3664 1514 3726 defectus
1547 3665 1873 3741 lunaeque
1907 3665 2193 3726 latebras

404 3772 710 3849 pluribus
743 3794 776 3835 e
811 3773 1024 3835 causis
1057 3772 1200 3836 fieri
1236 3773 1360 3835 tibi
1395 3794 1581 3851 posse
1617 3775 2073 3851 putandumst.

424 3903 523 3952 736
543 3904 690 3963 ναῖς.
732 3902 1101 3967 <possint>.

423 3972 524 4021 747
547 3972 697 4021 redit
766 3972 900 4033 fort.
932 3971 1076 4035 cedit

1392 4209 1540 4261 [189]
