3182 4602
1151 415 1210 464 Τ.
1249 414 1575 465 LVGRETI
1612 415 1790 466 CARI

323 629 522 708 —qui
554 636 871 708 poterunt
903 630 1113 709 igitur
1144 651 1368 694 rerum
1400 631 1768 709 primordia
1800 631 1933 694 diei

406 747 469 802 et
502 740 620 803 leti
651 740 869 803 uitare
901 740 1067 818 uiaS,
1102 740 1416 804 animalia
1450 761 1599 805 eum
1632 741 1786 818 sint,

406 855 604 927 atque
639 849 1032 914 animalibu'
1068 851 1459 914 mortalibus
1504 851 1791 924 <sint>
1832 872 1969 914 una
2004 851 2399 928 eademque?

406 959 582 1036 quod
609 966 831 1022 tamen
862 966 940 1022 ut
972 959 1245 1039 possint,
1279 965 1348 1023 at
1380 967 1568 1022 coetu
1601 959 2003 1037 concilioque

403 1068 499 1129 nil
536 1068 787 1132 facient
825 1076 1091 1147 praeter
1128 1071 1400 1148 uolgum
1436 1071 1833 1146 turbamque
1872 1068 2303 1147 animantum,
2616 1066 2718 1116 920

402 1177 649 1241 scilieet
682 1185 759 1241 ut
790 1187 1121 1256 nequeant
1153 1179 1447 1242 homines
1479 1185 1781 1242 armenta
1814 1178 2124 1257 feraeque

402 1287 576 1350 inter
609 1309 744 1351 sese
777 1290 982 1352 ullam
1017 1308 1154 1351 rem
1189 1289 1457 1367 gignere
1492 1289 1973 1352 conueniundO.

406 1399 576 1476 quod
607 1398 663 1460 si
695 1398 870 1461 forte
901 1419 1094 1462 suum
1127 1398 1478 1461 dimittunt
1510 1419 1782 1477 corpore
1814 1419 2075 1462 sensum
2252 1383 2257 1388 ⁸
2615 1396 2718 1446 924

404 1513 600 1584 atque
633 1508 836 1571 alium
867 1508 1162 1586 capiunt,
1196 1509 1358 1586 quid
1390 1529 1558 1586 opus
1585 1508 1723 1571 fuit
1754 1509 2050 1572 adtribui
2081 1509 2148 1571 id
2183 1510 2358 1586 quod
2615 1507 2717 1556 925

400 1618 822 1680 detrahitur?
857 1626 1000 1680 tum
1034 1625 1395 1696 praeterea,
1433 1620 1611 1696 quod
1646 1619 2044 1696 sumpsimus
2079 1626 2251 1695 ante,

402 1727 716 1804 quatinus
748 1728 819 1788 in
852 1729 1071 1805 pullos
1101 1728 1406 1791 animalis
1437 1729 1690 1792 uertier
1724 1749 1851 1791 oua

401 1837 728 1900 cernimus
767 1837 1049 1900 alituum
1086 1838 1459 1915 uermisque
1498 1838 1837 1915 efferuere,
1875 1844 2123 1901 terram

400 1946 898 2024 intempestiuos
930 1967 1126 2025 quom
1158 1955 1359 2026 putor
1390 1947 1566 2025 eepit
1598 1949 1679 2010 ob
1710 1948 1959 2025 imbriS‚

400 2057 563 2119 seire
594 2057 747 2119 lieet
779 2057 964 2135 gigni
995 2077 1181 2136 posse
1213 2079 1292 2121 ex
1323 2077 1456 2120 non
1487 2057 1781 2120 sensibu'
1814 2078 2059 2121 sensus,
2612 2056 2713 2105 930

526 2167 717 2245 Quod
749 2167 806 2229 si
836 2167 1010 2231 forte
1043 2167 1284 2245 aliquis
1314 2167 1488 2230 dicet
1522 2169 1870 2230 dumtaxat
1902 2168 2065 2230 oriri

399 2296 582 2355 posse
617 2299 696 2341 ex
727 2296 860 2340 non
893 2297 1088 2341 sensu
1121 2297 1348 2341 sensus
1379 2277 1845 2355 mutabilitate,

399 2394 513 2450 aut
547 2388 772 2465 aliquo
802 2395 1140 2465 tamquam
1173 2396 1376 2466 partu
1411 2408 1542 2466 quo
1573 2388 1885 2467 proditur
1920 2394 2126 2465 extra,

395 2497 550 2559 huie
581 2497 743 2559 satis
773 2498 941 2560 illud
974 2498 1102 2561 erit
1134 2499 1410 2576 planum
1443 2498 1663 2561 faeere
1697 2504 1893 2575 atque
1926 2498 2207 2577 probare

396 2626 528 2669 non
559 2606 704 2669 fieri
738 2615 1007 2685 partum
1040 2608 1170 2671 nisi
1203 2608 1480 2671 coneilio
1509 2615 1664 2672 ante
1698 2615 1923 2671 coacto
2609 2606 2712 2655 935

395 2736 512 2779 nee
546 2716 898 2795 quiequam
931 2718 1322 2780 commutari
1355 2718 1495 2780 sine
1530 2718 1904 2781 conciliatu,
2509 2726 2515 2731 '

394 2826 728 2903 principio
759 2834 1096 2904 nequeunt
1126 2828 1330 2890 ullius
1361 2828 1656 2905 eorporis
1688 2848 1821 2891 esse

395 2956 623 2998 sensus
653 2943 805 2999 ante
837 2936 1048 3014 ipsam
1081 2937 1371 3015 genitam
1404 2944 1716 3000 naturam
1750 2937 2125 3015 animantiS,

313 3045 710 3108 —nimirum
740 3046 896 3123 quia
925 3046 1231 3110 materies
1261 3046 1534 3109 disiecta
1563 3052 1830 3110 tenetur

395 3174 541 3219 aere
574 3155 956 3219 fluminibus
988 3156 1186 3219 terris
1215 3163 1524 3233 terraque
1557 3156 1814 3233 creatis,
2608 3154 2709 3203 940

391 3285 509 3327 nec
545 3284 889 3343 congressa
923 3267 1119 3329 semel
1153 3266 1380 3329 uitalis
1413 3266 1878 3329 conuenientes

393 3374 676 3437 eontulit
711 3374 886 3437 inter
918 3396 983 3437 se
1017 3382 1251 3453 motUS‚
1289 3376 1528 3453 quibus
1563 3376 2003 3439 omnituentes

393 3484 647 3547 accensi
679 3504 908 3547 sensus
939 3485 1339 3548 animantem
1374 3506 1701 3562 quamque
1731 3492 2027 3549 tuentur.

431 3594 871 3657 —Praeterea
905 3594 1210 3671 quamuis
1245 3595 1648 3657 animantem
1686 3596 2003 3673 grandior
2038 3595 2228 3672 ictus,

395 3724 593 3781 quam
627 3703 888 3782 patitur
921 3711 1184 3781 natura,
1223 3711 1493 3781 repente
1530 3704 1791 3782 adfligit
1827 3712 1891 3767 et
1928 3705 2137 3768 omnis
2605 3704 2707 3754 945

393 3813 684 3892 corporis
717 3820 914 3891 atque
948 3814 1150 3877 animi
1181 3814 1401 3893 pergit
1434 3814 1843 3877 confundere
1876 3835 2120 3877 sensus,

413 3944 513 3993 918
534 3944 679 4005 vuly.
715 3945 986 3997 animalia
1022 3946 1269 4006 <sint>

415 4012 514 4061 926
536 4013 680 4073 ναῖς.
716 4010 952 4062 diximus

414 4080 512 4128 941
535 4080 700 4130 modo

1397 4200 1511 4253 [71]
