3182 4602
1068 404 1170 455 DE
1205 403 1471 455 RERVM
1503 403 1815 453 NATVRA
1855 402 1957 454 III

902 614 1250 667 TERTIAM
1277 614 1386 666 AN
1389 614 1607 665 IMAM
1636 613 1819 665 ESSE
1850 613 2186 664 MENTEM

394 727 686 785 —quare
717 706 916 770 etiam
945 713 1142 783 atque
1174 704 1372 769 etiam
1399 704 1640 769 mentis
1668 709 1981 767 naturam
2011 702 2397 780 animaeque

481 816 648 880 scire
680 814 834 879 licet
869 835 1188 894 perquam
1223 814 1540 893 pauxillis
1572 833 1707 877 esse
1741 819 2032 876 creatam

481 924 856 1002 seminibus,
889 924 1199 1003 quoniam
1230 924 1499 1003 fugiens
1529 923 1628 986 nil
1661 922 1975 1002 ponderis
2004 922 2249 986 aufert.

608 1122 743 1185 Nec
776 1128 999 1184 tamen
1030 1121 1188 1183 haec
1219 1119 1500 1197 simplex
1531 1117 1721 1181 nobis
1750 1123 1997 1184 natura
2030 1117 2335 1196 putanda
2366 1121 2483 1179 est.

486 1231 703 1293 tenuis
733 1229 908 1294 enim
938 1230 1260 1308 quaedam
1289 1228 1717 1291 moribundos
1748 1227 1991 1290 deserit
2022 1247 2190 1290 aura

482 1340 692 1403 mixta
721 1360 989 1417 uapore,
1022 1358 1236 1417 uapor
1267 1358 1469 1417 porro
1497 1337 1709 1401 trahit
1742 1357 1896 1401 aera
1927 1357 2165 1401 secum.

483 1468 603 1511 nec
633 1450 810 1511 calor
837 1456 934 1511 est
964 1448 1330 1526 quisquam,
1361 1447 1468 1511 cui
1497 1467 1631 1510 non
1662 1447 1748 1509 sit
1776 1446 2024 1509 mixtus
2054 1451 2119 1508 et
2148 1466 2295 1523 aer3

483 1578 642 1621 rara
667 1558 842 1635 quod
871 1558 1011 1621 eius
1039 1557 1214 1622 enim
1242 1563 1499 1620 constat
1527 1562 1792 1633 natura,
1821 1562 2145 1622 necessest

430 1700 436 1707 ·
486 1666 658 1730 aeris
688 1666 864 1730 inter
896 1688 1045 1731 eum
1077 1666 1444 1745 primordia
1475 1667 1690 1730 multa
1721 1666 1992 1730 moueri.

399 1776 618 1839 —iam
645 1775 895 1854 triplex
925 1776 1130 1839 animi
1157 1783 1255 1839 est
1286 1776 1496 1855 igitur
1525 1782 1774 1840 natura
1802 1782 2103 1853 reperta3

485 1905 605 1947 nec
632 1891 854 1947 tamen
883 1886 1041 1949 haec
1070 1892 1173 1949 sat
1201 1892 1360 1948 sunt
1390 1887 1476 1948 ad
1506 1906 1768 1949 sensum
1800 1891 2040 1949 cuncta
2069 1885 2447 1961 creandum,

485 1994 584 2055 nil
615 1995 851 2057 horum
884 1995 1194 2072 quoniam
1227 1995 1478 2074 recepit
1508 2016 1693 2059 mens
1724 2015 1909 2073 posse
1942 2015 2165 2059 creare

486 2103 839 2167 sensiferos
875 2111 1109 2181 motus,
1156 2105 1644 2182 'squaedamque
1681 2111 1898 2167 mente
1935 2106 2216 2167 uolutat.

879 2211 1254 2275 QVARTAM
1301 2211 1481 2261 SINE
1529 2210 1841 2261 NOMINE
1888 2210 2218 2261 ANIMAM

471 2311 728 2383 ‚quarta
762 2323 1018 2382 quoque
1048 2303 1154 2365 his
1183 2301 1391 2381 igitur
1424 2301 1747 2378 quaedam
1779 2307 2024 2364 natura
2057 2306 2375 2363 necessest

489 2413 950 2477 adtribuatur:
985 2418 1123 2474 east
1158 2411 1423 2473 omnino
1452 2410 1738 2483 nominis
1772 2431 2038 2488 expers;
2104 2487 2107 2492 Ι

490 2543 622 2600 qua
648 2542 859 2599 neque
890 2520 1196 2584 mobilius
1226 2520 1578 2598 quicquam
1608 2540 1819 2597 neque
1848 2519 2117 2583 tenuius
2146 2525 2379 2597 exstat,

489 2651 608 2693 nec
640 2631 851 2708 magis
883 2650 916 2691 e
952 2630 1182 2708 paruis
1214 2637 1280 2693 et
1312 2629 1570 2693 leuibus
1605 2650 1684 2691 ex
1718 2629 2088 2707 elementis;

490 2739 842 2802 sensiferos
873 2746 1090 2802 motus
1123 2758 1289 2816 quae
1320 2738 1496 2801 didit
1528 2739 1747 2817 prima
1779 2759 1899 2816 per
1931 2745 2135 2802 artus,

460 2848 712 2926 (prima
743 2849 954 2912 cietur
987 2849 1179 2926 enim,
1214 2848 1444 2926 paruis
1474 2848 1775 2926 perfecta
1806 2847 2073 2926 figuris;

490 2957 645 3020 inde
678 2959 855 3022 calor
886 2964 1105 3020 motus
1134 2965 1199 3020 et
1230 2957 1417 3019 uenti
1450 2978 1641 3021 caeca
1673 2964 1962 3036 potestas

491 3067 752 3145 accipit,
784 3067 940 3131 inde
971 3088 1118 3144 aer3
1150 3067 1305 3130 inde
1337 3067 1555 3131 omnia
1585 3067 2066 3144 mobilitantur,

491 3177 869 3240 concutitur
901 3177 1189 3254 sanguiS‚
1223 3183 1367 3240 tum
1400 3177 1659 3240 uiscera
1692 3178 2179 3255 persentiscunt

493 3285 730 3362 omnia,
760 3286 1106 3364 postremis
1134 3287 1335 3349 datur
1365 3286 1618 3349 ossibus
1644 3293 1841 3364 atque
1869 3287 2176 3354 medullis

492 3394 631 3457 siue
661 3395 974 3473 uoluptas
1007 3401 1103 3458 est
1135 3395 1274 3460 siue
1307 3402 1405 3459 est
1437 3396 1812 3459 contrarius
1845 3397 2062 3460 ardor.
2169 3477 2173 3480 ὓ

492 3523 610 3566 ‘nec
640 3510 882 3567 temere
911 3505 1039 3566 huc
1072 3504 1258 3567 dolor
1285 3525 1493 3583 usque
1524 3512 1741 3583 potest
1772 3512 2122 3584 penetrare
2150 3527 2361 3584 neque
2392 3527 2541 3570 acre

494 3633 883 3690 permanare
917 3613 1182 3691 malum,
1220 3614 1382 3691 quin
1419 3614 1639 3678 omnia
1672 3617 2152 3693 perturbentur

492 3741 698 3798 usque
735 3723 899 3785 adeo
941 3729 1165 3794 <ut>
1209 3723 1389 3786 uitae
1424 3724 1594 3786 desit
1628 3724 1810 3787 locus
1844 3731 2041 3803 atque
2076 3724 2323 3788 animai

495 3831 855 3908 diffugiant
884 3839 1109 3910 partes
1138 3853 1258 3911 per
1285 3834 1508 3897 caulas
1537 3834 1831 3912 corporis
1860 3835 2088 3898 omnis

516 3962 618 4011 240
640 3962 774 4023 fort.
807 3977 1149 4029 quoscunque

517 4029 620 4079 244
640 4029 784 4092 ναῖς.
813 4034 898 4081 est

1504 4181 1619 4233 [88]

2696 916 2793 966 230

2698 1552 2797 1601 235

2701 2102 2799 2151 240

2704 2735 2804 2784 245

2706 3285 2805 3335 250

2706 3832 2805 3883 255
