3182 4602
1046 415 1148 464 DE
1184 414 1448 464 RERVM
1483 414 1794 464 NATVRA
1839 414 1921 463 71

429 631 703 707 (uentus
737 631 911 694 enim
943 631 1038 707 fit,
1072 630 1188 694 ubi
1220 638 1318 694 est
1352 631 1672 709 agitando
1702 630 1995 710 percitus
2030 631 2195 707 aer.)
2672 626 2779 677 685

373 740 565 802 —hic
596 739 712 802 ubi
747 740 1074 818 percaluit
1108 739 1537 818 calefecitque
1569 740 1792 803 omnia
1824 740 2072 802 circum

459 870 618 913 saxa
649 848 900 927 furenS,
937 871 1068 927 qua
1101 849 1447 928 contingit,
1479 857 1877 927 terramque,
1913 856 1977 913 et
2011 851 2093 913 ab
2127 849 2273 912 ollis

460 959 743 1022 excussit
779 959 1068 1022 calidum
1103 959 1382 1022 flammis
1416 959 1752 1022 uelocibus
1784 959 2021 1038 ignem,

457 1069 634 1133 tollit
665 1089 731 1131 se
765 1089 840 1133 ac
871 1069 1068 1132 rectis
1100 1069 1194 1132 ita
1227 1068 1536 1132 faucibus
1567 1068 1722 1131 eicit
1752 1069 1902 1131 alte.

459 1177 595 1242 fert
629 1179 854 1257 itaque
888 1180 1190 1242 ardorem
1224 1180 1414 1257 longe
1448 1181 1769 1257 longeque
1804 1179 2109 1242 fauillam
2673 1175 2778 1225 690

457 1289 687 1352 differt
720 1297 786 1352 et
821 1310 1038 1352 crassa
1071 1289 1287 1352 uoluit
1323 1290 1603 1368 caligine
1638 1289 1901 1352 fumum

459 1399 885 1477 extruditque
919 1400 1115 1462 simul
1149 1400 1456 1462 mirando
1488 1401 1779 1478 pondere
1814 1419 2005 1475 saxa3

459 1529 539 1570 ne
567 1510 833 1572 dubites
861 1509 1024 1586 quin
1051 1511 1210 1572 haec
1240 1509 1485 1572 animai
1515 1509 1790 1572 turbida
1820 1510 1905 1571 sit
1934 1509 2056 1572 uis.

456 1626 804 1697 praeterea
834 1641 1078 1698 magna
1110 1641 1189 1683 ex
1222 1621 1402 1698 parti
1435 1641 1616 1683 mare
1649 1619 1891 1682 montis
1926 1621 2011 1682 ad
2046 1619 2187 1683 eius

458 1730 712 1792 radices
747 1729 1006 1807 frangit
1041 1730 1282 1793 fluctus
1316 1739 1696 1807 aestumque
1732 1731 2042 1792 resorbet.
2628 1767 2633 1774 ·
2670 1726 2777 1775 695

458 1862 537 1902 ex
568 1841 688 1903 hoc
718 1860 924 1917 usque
956 1841 1125 1902 mari
1157 1841 1507 1918 speluncae
1540 1840 1785 1902 montis
1815 1842 1899 1902 ad
1933 1841 2101 1903 altas

458 1950 861 2028 perueniunt
891 1952 1117 2013 subter
1151 1950 1394 2013 fauces
1471 1951 1593 2013 hac
1624 1951 1720 2013 ire
1753 1949 2166 2012 fatendumst

458 2067 522 2123 et
557 2068 906 2139 penetrare
939 2060 1108 2123 mari
1145 2060 1413 2138 penitus
1445 2081 1550 2123 res
1583 2060 1758 2137 cogit
1794 2067 2027 2137 aperto

458 2178 655 2249 atque
687 2171 896 2233 efflare
930 2171 1112 2232 foras
1144 2171 1417 2247 ideoque
1451 2171 1761 2233 extollere
1795 2170 2123 2232 flammam

457 2303 743 2359 saxaque
779 2280 1143 2345 subiectare
1179 2287 1243 2344 et
1278 2301 1514 2344 arenae
1548 2281 1779 2343 tollere
1814 2280 2084 2344 nimbos.
2672 2277 2776 2328 700

427 2392 531 2468 (in
563 2413 817 2455 summo
845 2400 1001 2454 sunt
1031 2391 1279 2453 uertice
1312 2391 1485 2451 enim
1519 2397 1822 2467 cratereS,
1854 2398 1932 2453 ut
1966 2390 2095 2468 ipsi

457 2502 892 2578 nominitant;
925 2522 1042 2563 nos
1074 2502 1248 2579 quod
1282 2500 1508 2563 fauces
1539 2501 1957 2578 perhibemus
1988 2507 2053 2564 et
2085 2500 2253 2576 ora.)

553 2698 760 2773 (Sunt
794 2698 1045 2774 aliquot
1079 2717 1336 2773 quoque
1369 2716 1472 2759 res
1505 2716 1789 2773 quarum
1821 2717 2023 2758 unam
2057 2695 2273 2759 dicere
2308 2715 2572 2758 causam

458 2827 590 2869 non
622 2806 782 2869 satis
815 2813 930 2882 est,
966 2826 1200 2868 uerum
1231 2806 1464 2884 pluris,
1499 2807 1677 2868 unde
1710 2826 1846 2868 una
1877 2812 2099 2869 tamen
2131 2806 2252 2883 sit;

459 2937 696 2995 corpus
727 2923 805 2979 ut
839 2916 1214 2979 exanimum
1247 2916 1479 2993 siquod
1513 2916 1746 2994 procul
1780 2916 1919 2993 ipse
1954 2915 2164 2979 iacere
2426 2968 2430 2973 ,
2670 2913 2774 2962 705

455 3026 817 3104 conspicias
851 3026 1150 3102 hominiS‚
1185 3026 1260 3088 fit
1293 3034 1370 3088 ut
1406 3025 1616 3087 omnis
1651 3025 1867 3088 dicere
1902 3045 2132 3088 causas

457 3135 807 3198 conueniat
841 3135 977 3211 leti,
1015 3134 1277 3197 dicatur
1310 3141 1388 3197 ut
1422 3134 1604 3197 illius
1636 3154 1790 3196 una.

457 3266 610 3309 ‘nam
639 3266 850 3323 neque
883 3266 1031 3307 eum
1061 3244 1243 3307 ferro
1273 3265 1392 3307 nec
1425 3244 1675 3322 frigore
1705 3244 1970 3311 uincere
2002 3243 2209 3322 possis

456 3356 783 3419 interiisse
819 3376 1030 3432 neque
1067 3376 1105 3417 a
1141 3356 1368 3415 morbo
1399 3374 1611 3430 neque
1649 3353 1824 3415 forte
1859 3373 2133 3430 uenen0‚

456 3487 690 3529 uerum
722 3465 976 3542 aliquid
1009 3483 1242 3542 genere
1276 3484 1408 3526 esse
1442 3485 1521 3526 ex
1552 3463 1672 3525 hoc
1705 3463 1880 3539 quod
1912 3462 2189 3540 contigit
2219 3462 2280 3526 ei
2669 3460 2772 3510 710

455 3577 712 3639 scimus,
788 3575 946 3637 item
978 3574 1048 3635 in
1081 3573 1308 3635 multis
1339 3573 1459 3635 hoc
1489 3574 1687 3635 rebus
1718 3572 1933 3635 dicere
1963 3572 2329 3649 habemus)

1189 3847 1290 3897 DE
1329 3846 1515 3897 NILO
1555 3845 1840 3897 FLVVIO

580 3939 773 4001 Nilus
806 3938 876 3999 in
910 3943 1222 4001 aestatem
1257 3935 1489 3998 crescit
1523 3934 1898 4013 campisque
1932 3934 2283 4011 redundat,

476 4073 577 4122 698
599 4071 733 4133 fort.
765 4072 999 4120 ventum

1445 4204 1591 4255 [2381
