3182 4602
1195 445 1256 494 T.
1297 444 1625 496 LVGRETI
1663 444 1842 496 CARI

360 662 516 722 —et
544 664 765 723 tamen
794 660 915 722 hoc
946 679 1203 737 quoque
1232 658 1335 723 uti
1364 661 1715 723 concedam
1746 660 1929 737 scire,
1963 666 2032 724 at
2061 659 2131 723 id
2161 659 2381 739 ipsum

449 789 778 846 quaeram,
810 790 960 832 cum
988 769 1059 831 in
1089 770 1287 833 rebus
1313 763 1458 833 ueri
1487 770 1586 832 nil
1616 768 1863 834 uiderit
1895 777 2067 848 81118,

448 879 625 942 unde
655 879 820 942 sciat
851 879 1013 957 quid
1042 879 1131 943 sit
1161 879 1327 943 scire
1358 886 1423 943 81
1451 880 1703 943 nescire
1734 879 2044 957 uicissim,

750 985 852 1035 DE
889 984 1094 1036 VERO
1133 985 1378 1036 SENSV
1418 986 1676 1051 QVARE
1718 985 2262 1037 COGNOSGATVR

446 1073 753 1137 notitiam
784 1074 930 1138 ueri
965 1095 1131 1152 quae
1166 1095 1270 1139 res
1305 1074 1590 1153 falsique
1625 1075 1868 1139 crearit

447 1190 512 1247 et
539 1184 817 1247 dubium
847 1192 1027 1248 certo
1055 1204 1355 1274 quae-res
1385 1185 1653 1248 differre
1684 1184 2005 1263 probarit.

569 1464 879 1527 Inuenies
912 1464 1146 1543 primis
1178 1465 1258 1527 ab
1293 1464 1589 1527 sensibus
1622 1484 1757 1528 esse
1790 1471 2079 1528 creatam

445 1573 747 1637 notitiem
776 1574 921 1637 ueri
952 1593 1164 1652 neque
1195 1594 1424 1637 sensus
1454 1595 1641 1653 posse
1674 1573 1911 1638 refelli.

364 1703 600 1746 —nam
630 1682 876 1747 maiore
908 1682 1037 1746 fide
1070 1684 1264 1748 debet
1297 1684 1653 1763 reperirier
1686 1684 1874 1761 illud,

446 1800 677 1871 sponte
710 1814 831 1857 sua
863 1793 1043 1857 ueris
1073 1794 1249 1871 quod
1283 1794 1489 1872 possit
1521 1792 1789 1857 uincere
1821 1793 2013 1857 falsa.

447 1902 606 1980 quid
635 1903 881 1967 maiore
910 1902 1040 1965 fide
1072 1923 1274 1981 porro
1302 1924 1500 1981 quam
1530 1923 1759 1967 sensus
1788 1900 2019 1966 haberi

447 2012 679 2076 debet?
715 2034 802 2076 an
836 2013 916 2076 ab
951 2033 1145 2076 sensu
1181 2012 1354 2076 falso
1385 2013 1560 2077 ratio
1594 2018 1740 2077 orta
1772 2012 2025 2076 ualebit

447 2122 660 2185 dicere
694 2142 801 2185 eos
832 2129 1080 2199 contra,
1118 2143 1284 2201 quae
1316 2129 1460 2187 tota
1491 2124 1572 2187 ab
1606 2122 1903 2186 sensibus
1937 2129 2085 2186 orta
2116 2126 2256 2186 est?

447 2231 560 2310 qui
589 2232 720 2294 nisi
749 2239 905 2295 sunt
936 2232 1100 2310 ueri,
1134 2232 1309 2296 ratio
1338 2252 1596 2311 quoque
1629 2232 1801 2295 falsa
1832 2232 1908 2296 fit
1940 2231 2167 2295 omnis,

367 2363 530 2405 —an
562 2349 879 2421 poterunt
912 2343 1130 2407 oculos
1163 2364 1355 2407 aures
1387 2344 1886 2421 reprehendere,
1914 2364 2009 2434 ‘an
2043 2363 2237 2407 aures

445 2456 703 2516 tactus?
739 2473 825 2514 an
856 2453 1033 2516 hunc
1064 2473 1265 2531 porro
1297 2459 1551 2535 tactum
1582 2472 1782 2530 sapor
1813 2459 2049 2530 arguet
2082 2453 2233 2530 oris,

447 2581 529 2624 an
559 2561 1006 2626 confutabunt
1036 2582 1230 2626 nares
1261 2562 1517 2626 oculiue
1547 2562 1935 2625 reuincent?

445 2691 594 2749 non,
625 2677 704 2735 ut
736 2671 988 2750 opinor,
1022 2671 1120 2736 ita
1150 2677 1265 2736 est.
1338 2693 1492 2735 ‘nam
1524 2692 1816 2735 seorsum
1846 2672 2083 2750 cuique
2115 2678 2405 2751 potestas

446 2781 742 2858 diuisast,
776 2802 897 2846 sua
925 2781 1032 2844 uis
1060 2781 1378 2859 cuiquest,
1411 2781 1687 2859 ideoque
1717 2801 1972 2844 necesse
2006 2789 2102 2845 est

447 2897 508 2953 et
539 2891 715 2969 quod
746 2891 938 2955 molle
971 2890 1059 2953 sit
1088 2898 1153 2955 81
1184 2891 1477 2970 gelidum
1510 2891 1864 2955 feruensue
1897 2890 2151 2968 uideri;

447 3006 507 3063 81
536 3020 827 3063 seorsum
858 3000 1081 3064 uarios
1113 3020 1337 3064 rerum
1367 3001 1611 3064 sentire
1645 3001 1889 3064 colores

445 3115 507 3171 81
543 3129 988 3188 quaecumque
1027 3109 1348 3174 coloribu'
1387 3110 1521 3173 sint
1559 3109 1910 3173 coniuncta
1947 3116 2285 3174 necessest.

446 3238 698 3282 seorsus
732 3219 889 3282 item
921 3239 1119 3298 sapor
1153 3220 1284 3282 oris
1317 3220 1513 3283 habet
1546 3220 1704 3296 uim,
1741 3239 1997 3282 seorsus
2031 3220 2262 3283 odores

445 3336 827 3406 nascuntur,
859 3349 1113 3393 sorsum
1143 3329 1416 3392 sonitus,
1488 3329 1764 3406 ideoque
1794 3349 2052 3393 necesse
2082 3336 2179 3393 est

445 3457 574 3500 non
606 3439 863 3517 possint
893 3439 1057 3502 alios
1089 3438 1204 3502 8111
1238 3438 1626 3501 conuincere
1659 3457 1905 3501 88118118.

369 3566 560 3611 —mec
593 3568 795 3626 porro
826 3555 1142 3627 poterunt
1177 3548 1307 3627 ipsi
1338 3548 1820 3626 reprehendere
1854 3568 2008 3625 sese,

448 3676 652 3735 aequa
683 3657 844 3720 fides
877 3658 1188 3735 quoniam
1221 3658 1481 3721 debebit
1515 3677 1772 3736 semper
1802 3657 2049 3720 haberi.

447 3767 720 3842 proinde
751 3768 926 3845 quod
954 3767 1026 3829 in
1055 3773 1375 3845 quoquest
1404 3767 1507 3830 his
1536 3755 1757 3830 uisum
1783 3774 2095 3868 tempore,
2127 3774 2443 3832 uerumst.

450 3883 509 3939 et
539 3877 594 3940 si
625 3897 759 3940 non
790 3877 1036 3954 poterit
1069 3876 1245 3940 ratio
1273 3876 1633 3942 dissoluere
1666 3897 1955 3953 causam,
2050 3892 2055 3897 ·

466 4006 562 4056 491
584 4009 728 4069 vuly.
761 4023 1009 4058 seorsum

466 4074 564 4124 493
584 4076 729 4137 vuly.
760 4075 947 4126 uidere

1431 4221 1578 4273 [135]

2655 878 2760 927 475

2654 1680 2758 1731 480

2652 2229 2757 2279 485

2652 2778 2757 2829 490

2651 3326 2756 3377 495

2650 3873 2754 3924 500
