3182 4602
1124 406 1185 455 T.
1226 405 1554 457 LVGBETI
1594 405 1772 456 CARI

839 617 1132 667 PLVRES
1177 616 1561 667 IMAGINES
1609 617 1755 667 CVR
1800 617 2037 666 FIANT

299 706 465 783 -fit
498 726 755 784 quoque
790 707 868 767 de
901 707 1167 784 speculo
1199 706 1270 767 in
1301 708 1641 783 speculum
1674 713 1751 768 ut
1781 707 2094 769 tradatur
2127 704 2361 783 imago,

381 816 689 894 quinque,
723 816 921 879 etiam
953 836 1064 878 sex
1095 824 1173 879 ut
1205 816 1350 877 fieri
1381 816 1737 879 simulacra
1770 815 2044 879 suerint.

380 946 530 989 nam
565 946 1012 1003 quaecumque
1045 934 1226 989 retro
1257 931 1448 1004 parte
1483 925 1798 990 interiore
1830 926 2152 1002 latebunt,

380 1034 531 1097 inde
560 1042 800 1112 tamen,
833 1035 1136 1113 quamuis
1165 1043 1338 1099 torte
1368 1036 1764 1114 penitusque
1796 1042 2065 1112 remota,

380 1145 598 1208 omnia
627 1166 748 1223 per
775 1146 975 1209 flexos
1006 1146 1228 1209 aditus
1258 1147 1499 1209 educta
1527 1145 1749 1208 licebit
2590 1142 2691 1191 330

380 1255 686 1332 pluribus
717 1257 874 1317 haec
905 1256 1188 1333 speculis
1217 1256 1577 1318 uideantur
1611 1255 1681 1316 in
1713 1255 1985 1318 aedibus
2016 1275 2169 1317 esse.

379 1384 584 1442 usque
620 1366 785 1427 adeo
825 1374 1006 1436 <e>
1051 1366 1316 1442 speculo
1349 1365 1419 1426 in
1454 1366 1794 1443 speculum
1828 1366 2195 1428 translucet
2227 1364 2462 1442 imago,

381 1482 444 1537 et
477 1495 623 1537 cum
658 1476 850 1537 laeua
881 1476 1040 1538 data
1072 1482 1188 1552 est,
1221 1475 1297 1537 fit
1329 1495 1558 1537 rusum
1591 1482 1669 1537 ut
1701 1476 1973 1540 dextera
2004 1475 2141 1551 fiat,

384 1584 536 1647 inde
572 1592 752 1648 retro
786 1606 1053 1647 rursum
1089 1585 1264 1648 redit
1302 1590 1365 1648 et
1403 1585 1733 1648 conuertit
1771 1586 2013 1649 eodem.

299 1693 544 1770 —quin
575 1693 774 1757 etiam
805 1714 1252 1771 quaecumque
1283 1695 1614 1757 latuscula
1644 1699 1801 1755 sunt
1834 1694 2249 1770 speculorum
2591 1690 2694 1739 335

381 1803 666 1865 adsimili
704 1804 932 1866 lateris
967 1803 1220 1866 flexura
1259 1804 1565 1881 praedita
1602 1803 1832 1880 nostri,

381 1913 654 1976 dextera
685 1921 1038 1990 eapropter
1073 1914 1260 1975 nobis
1295 1913 1647 1976 simulacra
1681 1913 2053 1988 remittunt,

383 2029 498 2084 aut
528 2021 687 2099 quia
717 2023 797 2083 de
827 2023 1094 2099 speculo
1123 2023 1192 2084 in
1221 2024 1562 2101 speculum
1591 2022 2004 2085 transfertur
2035 2021 2270 2101 image,

383 2131 534 2195 inde
566 2133 651 2194 ad
679 2151 797 2193 nos
826 2132 986 2195 elisa
1014 2132 1114 2194 bis
1144 2133 1432 2209 aduolat,
1466 2140 1582 2195 aut
1615 2133 1813 2196 etiam
1844 2134 2019 2210 quod

383 2241 627 2304 circum
657 2241 900 2320 agitur,
932 2262 1080 2305 cum
1107 2242 1312 2320 uenit,
1343 2242 1560 2321 imago
1590 2248 1943 2321 propterea
1971 2244 2146 2321 quod
2591 2239 2693 2289 340

382 2351 549 2414 flexa
581 2351 800 2429 figura
828 2353 1018 2415 docet
1051 2352 1302 2430 speculi
1335 2353 1708 2416 conuertier
1741 2355 1827 2416 ad
1858 2373 1993 2416 nos.

507 2546 876 2624 Indugredi
917 2567 1117 2624 porro
1158 2547 1412 2625 pariter
1453 2547 1806 2610 simulacra
1847 2549 2207 2626 pedemque

385 2674 624 2731 ponere
658 2655 997 2717 nobiscum
1033 2657 1262 2719 credas
1297 2663 1683 2733 gestumque
1719 2656 1969 2719 imitari

385 2771 735 2841 propterea
771 2764 946 2841 quia,
985 2766 1064 2828 de
1099 2765 1351 2842 speculi
1384 2786 1518 2843 qua
1551 2772 1743 2844 parte
1778 2767 2061 2842 recedaS,

382 2873 695 2936 continuo
721 2881 1053 2950 nequeant
1083 2875 1268 2937 illinc
1296 2875 1650 2938 simulacra
1680 2875 1946 2938 reuerti.
2592 2872 2694 2920 345

306 2982 599 3045 —omnia
634 2983 1168 3061 quandoquidem
1201 2985 1375 3062 cogit
1409 2992 1656 3047 natura
1689 2983 1931 3045 referri

385 3111 456 3153 ac
488 3092 742 3155 resilire
773 3094 854 3154 ab
886 3094 1081 3156 rebus
1114 3095 1199 3156 ad
1233 3114 1472 3171 aequos
1504 3094 1767 3156 reddita
1799 3094 2025 3156 flexus

508 3360 874 3437 Splendida
917 3381 1116 3438 porro
1157 3362 1328 3424 oculi
1371 3361 1672 3439 fugitant
1715 3362 2065 3440 uitantque
2107 3361 2302 3425 tueri.
2596 3359 2697 3408 299

387 3468 478 3528 sol
505 3469 703 3532 etiam
734 3477 972 3546 caecat,
1005 3478 1237 3533 contra
1265 3469 1322 3532 si
1349 3472 1620 3534 tendere
1651 3491 1905 3548 pergaS,
2093 3509 2103 3514 —
2592 3467 2694 3517 300

390 3585 735 3655 propterea
767 3579 923 3656 quia
954 3579 1058 3641 uis
1087 3587 1390 3656 magnast
1423 3580 1633 3657 ipsius
1666 3586 1730 3641 ct
1763 3582 1893 3643 alte

389 3705 536 3749 aera
566 3708 685 3765 per
715 3708 961 3765 purum
990 3689 1289 3766 grauiter
1319 3689 1673 3752 simulacra
1706 3689 2021 3752 feruntur

390 3800 450 3855 et
481 3794 736 3859 feriunt
770 3799 988 3859 oculos
1019 3798 1364 3861 turbantia
1396 3799 1891 3876 composituras

411 3926 506 3976 327
526 3928 671 3988 vulg.
712 3931 943 3987 <aut>
985 3944 1084 3978 sex

412 3993 507 4042 332
528 3996 670 4045 adeo
701 3997 928 4060 speculo

411 4061 507 4112 345
525 4063 671 4124 vuzy.
706 4069 992 4128 nequeunt

1375 4178 1521 4229 [129]
