3182 4602
1105 453 1165 500 T.
1203 451 1543 501 LVCRETI·
1565 451 1744 502 CARI

357 685 478 728 nec
509 672 731 729 tamen
762 666 1031 730 haerere
1063 667 1240 729 inter
1270 687 1371 744 se3
1404 668 1861 744 quodcumque
1890 666 2196 730 uidemus

358 775 654 838 sensibu’
686 778 1004 853 sedatum,
1038 776 1236 840 facile
1268 783 1347 839 ut
1377 797 1762 854 cognoscere
1794 777 2005 855 pessis
2106 817 2111 822 -
2178 811 2181 814 ⁴

358 905 493 948 non
528 906 560 947 e
595 885 928 964 perplexis
961 887 1076 949 sed
1111 886 1322 949 acutis
1356 907 1491 950 esse
1523 887 1878 949 elementis

1062 993 1163 1042 DE
1207 992 1504 1043 SVDORE
1545 992 1782 1043 SALSO
1885 1039 1890 1044 .

489 1080 620 1144 Sed
650 1083 826 1158 quod
857 1102 1083 1144 amara
1114 1081 1304 1144 uides
1336 1084 1561 1150 eadem
1595 1102 1761 1158 quae
1795 1081 2051 1156 fluuida
2083 1086 2405 1157 constant,

361 1191 564 1254 sudor
594 1192 697 1253 uti
726 1192 929 1254 maris
959 1198 1075 1268 est,
1106 1191 1375 1256 minime
1404 1191 1705 1256 mirabile
1737 1193 1964 1258 debet:
2012 1261 2017 1268 ,
2314 1242 2318 1246 -
2574 1187 2677 1237 465

361 1321 516 1362 nam
547 1302 723 1378 quod
755 1300 1048 1363 fluuidus
1081 1308 1195 1378 est,
1230 1322 1262 1363 e
1293 1300 1552 1364 leuibus
1584 1308 1781 1378 atque
1813 1300 2131 1365 rutundis
2190 1367 2193 1370 ,

361 1417 475 1487 est,
511 1417 576 1474 et
618 1411 995 1488 <squalida
1028 1419 1184 1475 sunt
1217 1411 1423 1484 illis>
1467 1411 1763 1474 admixta
1797 1411 2041 1480 doloris

361 1540 656 1598 corpora.
734 1540 854 1583 1166
889 1527 1112 1584 tamen
1147 1522 1306 1584 haec
1342 1521 1619 1583 retineri
1653 1526 1873 1583 amata
1908 1540 2175 1583 necessu
2188 1527 2396 1591 <st>
2426 1546 2440 1596 ;

361 1629 608 1694 scilicet
641 1651 776 1694 esse
811 1630 1074 1708 globosa
1107 1637 1348 1707 tamen,
1385 1651 1533 1692 cum
1567 1630 1873 1707 squalida
1906 1636 2225 1706 constent,

361 1740 670 1816 prouolui
701 1740 896 1802 simul
925 1747 1003 1803 ut
1035 1739 1288 1818 possint
1319 1747 1384 1802 et
1415 1741 1673 1802 laedere
1706 1760 1951 1802 36113113.
2390 1794 2394 1802 ,
2575 1735 2678 1785 470

1068 1847 1168 1896 DE
1211 1846 1422 1912 AQVA
1467 1845 1779 1896 MARINA

363 1941 425 1997 et
460 1955 592 2012 quo
620 1935 832 1998 mixta
863 1942 1056 2013 putes
1088 1936 1298 2013 magis
1331 1956 1565 2014 aspera
1600 1935 1858 1998 leuibus
1892 1955 2026 1998 esse

361 2044 731 2123 principiiS,
765 2047 943 2108 unde
977 2053 1074 2108 est
1105 2045 1404 2122 Neptuni
1437 2066 1679 2124 corpus
1712 2046 2038 2122 acerbum,

361 2161 456 2217 est
492 2155 668 2218 ratio
703 2155 1084 2218 secernendi
1123 2175 1540 2232 seorsumque
1579 2154 1875 2242 uidendi,

359 2285 548 2327 umor
580 2264 812 2342 (1111613,
846 2264 962 2328 ubi
996 2286 1114 2344 per
1146 2272 1363 2329 terras
1393 2264 1688 2329 crebrius
1722 2263 1895 2329 idem

360 2376 759 2453 percolatur,
791 2382 868 2437 ut
899 2375 970 2436 in
1003 2375 1267 2438 foueam
1299 2376 1464 2438 fluat
1498 2395 1572 2438 ac
1602 2381 2034 2437 mansuescat.
2574 2370 2677 2419 475

280 2484 606 2562 —linquit
640 2485 814 2549 enim
847 2506 1089 2563 supera
1120 2484 1321 2548 taetri
1355 2484 1721 2563 primordia
1751 2484 1886 2546 uiri

361 2615 598 2673 aspera
625 2615 757 2672 quo
782 2595 992 2672 magis
1021 2595 1091 2656 in
1120 2595 1318 2657 terris
1346 2596 1721 2657 haerescere
1753 2600 2048 2673 possunt.

965 2870 1296 2921 FIGVRAS
1341 2871 1524 2922 ESSE
1572 2870 1882 2921 MVLTAS

488 2960 680 3036 Quod
716 2959 1025 3036 quoniam
1060 2960 1271 3036 docui,
1307 2980 1580 3037 pergam
1615 2966 1949 3023 conectere
1981 2980 2120 3023 rem
2152 2979 2321 3035 quae

361 3088 438 3130 ex
464 3070 586 3131 hoc
617 3076 777 3146 apta
803 3069 998 3131 fidem
1028 3071 1246 3145 ducat,
1279 3068 1649 3146 primordia
1675 3089 1899 3131 rerum

360 3178 552 3242 finita
580 3178 844 3241 uariare
874 3178 1241 3257 figurarum
1272 3178 1548 3241 ratione.
1714 3210 1717 3217 ·
2160 3222 2162 3225 ι
2575 3172 2678 3222 480

284 3290 537 3366 —quod
570 3288 627 3351 si
657 3308 790 3350 11011
821 3288 917 3352 ita
946 3289 1052 3365 sit,
1083 3309 1350 3351 rursum
1381 3287 1514 3350 iam
1545 3286 1796 3351 semina
1828 3287 2151 3364 quaedam

363 3419 496 3462 esse
531 3398 795 3460 infinito
828 3399 1158 3461 debebunt
1194 3397 1487 3475 corporis
1523 3403 1743 3459 auctu,

267 3520 272 3527 ’
362 3528 644 3586 namque
675 3508 747 3569 in
778 3508 1002 3571 eadem
1027 3528 1170 3570 una
1200 3506 1494 3569 cuiusuis
1525 3508 1685 3568 haec
1715 3505 2044 3568 breuitate

363 3618 659 3697 corporis
687 3617 863 3681 inter
894 3638 961 3680 se
992 3618 1278 3680 multum
1307 3615 1572 3679 uariare
1604 3615 1857 3693 figurae

365 3748 495 3790 non
528 3734 838 3805 possunt:
874 3726 984 3789 fac
1017 3726 1190 3787 enim
1219 3725 1510 3787 minimis
1541 3745 1573 3787 6
1606 3724 1912 3802 partibus
1944 3744 2076 3785 esse
2404 3762 2407 3767 -
2576 3720 2679 3769 485

384 3876 626 3926 465⁴*466
646 3876 794 3937 vulg.

382 3962 482 4011 468
504 3961 649 4022 vulg.
679 3962 1009 4009 necessumst
1082 3968 1086 3975 “

383 4046 483 4095 477
505 4044 719 4110 possint

384 4130 484 4178 483
505 4127 604 4177 alii
633 4128 745 4177 alia

1372 4278 1484 4329 [55]
