3182 4602
1195 357 1254 405 T.
1295 357 1623 409 LVGRETI
1663 356 1841 408 CARI

449 576 545 631 θεῖ
580 569 804 648 itaque
838 577 915 634 ut
950 591 1238 649 serpenS,
1274 571 1558 634 hominis
1589 593 1758 649 quae
1794 579 1973 635 tacta
2007 572 2235 635 saliuis

448 679 727 757 disperit
761 701 836 743 ac
869 701 1004 743 sese
1038 671 1414 745 mandendo
1446 682 1708 745 conficit
1743 682 1906 761 ipsa.

445 796 792 866 praeterea
823 791 1013 854 nobis
1042 798 1387 855 ueratrum
1420 799 1517 855 est
1551 813 1700 855 acre
1733 813 2082 868 uenenum,

448 906 517 962 at
550 900 768 977 capris
804 900 1033 978 adipes
1067 908 1131 964 et
1165 902 1617 965 coturnicibus
1650 892 1900 979 auget.)

361 1009 517 1070 —id
548 1009 786 1086 quibus
814 1016 891 1072 ut
920 1010 1037 1074 fiat
1068 1012 1264 1075 rebus
1294 1032 1678 1090 cognoscere
1710 1012 1937 1090 possiS,

448 1118 778 1197 principio
809 1120 1178 1183 meminisse
1213 1122 1396 1185 decet
1429 1142 1595 1199 quae
1628 1121 1919 1185 diximus
1951 1128 2123 1199 ante,

447 1229 695 1292 semina
726 1230 1137 1292 multimodis
1168 1231 1239 1291 in
1273 1232 1468 1293 rebus
1499 1231 1713 1294 mixta
1740 1231 1973 1295 teneri.

444 1358 644 1415 porro
675 1359 896 1401 omnes
927 1360 1372 1417 quaecumque
1405 1341 1623 1403 cibum
1656 1340 1932 1419 capiunt
1966 1342 2351 1418 animanteS,

446 1455 522 1511 ut
557 1456 714 1512 sunt
749 1450 1099 1513 disnimiles
1131 1450 1536 1513 extrinsecus
1571 1458 1636 1514 et
1672 1450 2036 1528 generatim

447 1558 689 1621 extima
722 1560 1163 1622 membrorum
1201 1560 1722 1623 circumcaesura
1759 1566 2027 1637 coercet,

446 1668 725 1745 proinde
759 1675 822 1732 et
855 1669 1211 1731 seminibus
1243 1675 1547 1733 constant
1578 1670 1979 1747 uariantque
2011 1670 2245 1748 figura.

359 1778 693 1841 —semina
728 1799 875 1841 cum
912 1799 1111 1857 porro
1145 1779 1412 1856 distent,
1451 1780 1720 1843 differre
1756 1787 2074 1843 necessest

445 1887 803 1951 interualla
835 1888 1128 1966 uiasque,
1165 1888 1498 1953 foramina
1532 1910 1700 1966 quae
1734 1890 2170 1967 perhibemus,

446 1997 747 2060 omnibus
779 1998 850 2059 in
881 1998 1189 2061 membris
1221 2006 1285 2062 et
1318 1999 1388 2060 in
1420 2019 1528 2061 ore
1562 1999 1834 2077 ipsoque
1869 2000 2112 2077 palato.

449 2127 580 2171 esse
615 2108 874 2171 minora
909 2108 1118 2186 igitur
1154 2110 1477 2186 quaedam
1512 2109 1892 2186 maioraque
1927 2110 2186 2187 debent,

446 2236 578 2280 θεεθ
612 2217 942 2295 triquetra
977 2218 1143 2295 aliis,
1181 2219 1328 2281 aliis
1362 2220 1694 2296 quadrata
1726 2226 2063 2296 necessest,

444 2329 655 2391 multa
687 2330 1004 2406 rutunda,
1037 2330 1248 2391 modis
1279 2330 1507 2392 multis
1538 2331 1961 2407 multangula
1991 2331 2331 2408 quaedam.

416 2437 728 2515 (namque
761 2438 1128 2515 figurarum
1164 2440 1338 2502 ratio
1366 2446 1445 2502 ut
1478 2446 1822 2516 motusque
1857 2446 2230 2518 reposcunt,

446 2548 724 2625 proinde
760 2547 1200 2611 foraminibus
1236 2550 1474 2612 debent
1507 2549 1779 2613 differre
1812 2549 2082 2626 figurae,

445 2663 508 2720 et
540 2658 805 2720 uariare
839 2658 987 2720 uiae
1022 2658 1299 2736 proinde
1335 2680 1409 2722 ac
1441 2666 1710 2722 textura
1745 2660 2047 2733 coercet.)

445 2768 563 2829 hoc
594 2768 710 2830 ubi
742 2769 916 2844 quod
949 2789 1153 2832 suaue
1185 2776 1281 2832 est
1314 2769 1463 2832 aliis
1494 2769 1645 2832 aliis
1674 2769 1750 2832 fit
1783 2790 2100 2845 amarum,

445 2876 563 2953 illi,
599 2878 704 2939 cui
740 2899 944 2940 suaue
979 2884 1096 2954 est,
1131 2878 1463 2942 leuinima
1498 2898 1779 2956 corpora
1813 2879 2052 2942 debent

445 2988 1010 3050 contractabiliter
1047 2988 1269 3051 caulas
1307 2988 1559 3052 intrare
1596 2988 1826 3065 palati,

446 3103 512 3158 at
547 3103 779 3160 contra
811 3097 1050 3174 quibus
1083 3104 1178 3161 est
1213 3099 1437 3167 eadem
1470 3119 1575 3160 res
1609 3097 1793 3160 intus
1825 3098 2076 3175 acerba,

446 3226 678 3283 aspera
712 3206 1026 3270 nimirum
1061 3213 1417 3285 penetrant
1448 3213 1798 3284 amataque
1833 3207 2077 3271 fauces

363 3335 621 3378 —nunc
651 3316 848 3380 facile
880 3322 976 3380 est
1007 3338 1086 3380 ex
1116 3317 1218 3378 his
1249 3317 1444 3379 rebus
1475 3337 1859 3394 cognoscere
1891 3337 2205 3395 quaeque.

447 3425 691 3503 quippe
722 3425 838 3488 ubi
869 3426 976 3488 cui
1007 3425 1215 3489 febris
1240 3425 1361 3488 bili
1393 3433 1749 3504 superante
1782 3433 2007 3491 coorta
2036 3434 2135 3490 θεῖ

447 3541 562 3599 aut
594 3536 728 3599 alia
758 3535 1014 3599 ratione
1047 3535 1332 3612 aliquast
1364 3535 1470 3598 uis
1501 3536 1715 3598 excita
1747 3536 1976 3612 morbi,

446 3646 881 3722 perturbatur
914 3645 1005 3707 ibi
1041 3645 1171 3708 iam
1205 3652 1421 3708 totum
1454 3665 1694 3722 corpus
1726 3652 1790 3709 et
1826 3665 2047 3709 omnes

446 3761 935 3818 commutantur
973 3754 1065 3817 ibi
1104 3755 1456 3832 positurae.
1479 3754 1963 3832 principiorum
1984 3782 1997 3831 ;

449 3887 549 3934 638
571 3886 705 3948 fort.
737 3886 1005 3937 Vescitur

451 3954 716 4014 648vu19.
750 3969 816 4004 ex
854 3991 866 4003 .
906 3991 918 4003 .
959 3990 971 4002 .
1010 3953 1276 4003 variante

451 4022 551 4072 659
567 4022 708 4085 sort.
726 4021 840 4072 illis

1436 4141 1584 4193 [141]

2656 788 2759 839 640

2656 1338 2761 1388 645

2657 1888 2759 1937 650

2655 2438 2759 2488 655

2655 2986 2757 3036 660

2653 3534 2757 3584 665
