3182 4602
1141 404 1245 455 DE
1281 404 1544 454 RERVM
1581 404 1892 455 NATVRA
1931 403 1999 454 11

537 617 912 695 seminibus,
945 619 1132 682 nullo
1163 626 1427 698 possent
1460 620 1785 683 albescere
1820 626 2047 699 pact03

537 748 692 792 nam
723 748 1129 806 quocumque
1161 731 1355 792 modo
1382 731 1731 809 perturbes
1762 731 2025 793 caerula
2057 750 2225 808 quae
2255 729 2410 806 sint,

536 859 897 917 numquam
926 839 996 901 in
1025 859 1463 902 marmoreum
1493 846 1768 917 possunt
1800 839 2086 916 migrare
2114 839 2411 902 colorem.

535 947 640 1010 sin
670 948 801 1011 alio
827 954 1024 1026 atque
1054 949 1187 1012 alio
1209 956 1365 1014 sunt
1393 949 1643 1013 semina
1670 949 1886 1013 tincta
1912 949 2122 1012 colore

536 1078 703 1136 quae
734 1058 936 1122 maris
967 1058 1257 1122 efficiunt
1286 1079 1495 1122 unum
1525 1079 1901 1137 purumque
1930 1059 2231 1135 nitorem,

535 1174 613 1231 ut
644 1188 835 1246 saepe
867 1190 945 1232 ex
975 1169 1122 1232 aliis
1153 1168 1390 1232 formis
1415 1169 1753 1246 uariisque
1783 1168 2019 1246 figuris

536 1279 815 1342 efficitur
847 1279 1165 1356 quiddam
1195 1281 1600 1356 quadratum
1630 1299 1895 1356 unaque
1925 1278 2160 1356 figura,

535 1389 985 1466 conueniebat,
1016 1389 1120 1452 uti
1150 1389 1220 1450 in
1253 1389 1582 1466 quadrato
1610 1388 1939 1451 cernimus
1970 1408 2104 1451 esse

534 1498 882 1561 dissimiles
912 1497 1180 1574 formas,
1213 1499 1310 1561 ita
1339 1519 1605 1562 cernere
1637 1499 1707 1559 in
1737 1517 2017 1575 aequore
2050 1497 2240 1575 ponti

536 1614 653 1671 aut
685 1607 813 1670 alio
842 1608 913 1669 in
944 1608 1182 1685 quouis
1210 1628 1346 1671 uno
1373 1629 1671 1686 puroque
1702 1608 1917 1670 nitore

532 1717 882 1780 dissimiles
911 1719 1101 1795 longe
1133 1717 1308 1781 inter
1338 1739 1404 1782 se
1433 1718 1784 1795 uariosque
1814 1718 2077 1780 colores,
2180 1703 2187 1712 ⁶

447 1834 877 1905 —praeterea
907 1828 1076 1890 nihil
1109 1829 1402 1891 officiunt
1434 1828 1826 1905 obstantque
1858 1827 2109 1905 figurae

533 1937 880 2001 dissimiles
911 1957 1042 2015 quo
1073 1939 1474 2015 quadratum
1507 1937 1727 2000 minus
1758 1957 1945 2000 omne
1976 1937 2063 1999 sit
2095 1943 2319 2013 extra3

533 2053 602 2110 at
631 2047 808 2110 uarii
839 2068 1060 2110 rerum
1089 2047 1444 2125 inpediunt
1476 2047 1957 2125 prohibentque
1989 2047 2236 2109 colores

533 2157 882 2234 quominus
911 2177 1046 2220 esse
1074 2176 1209 2220 uno
1240 2157 1447 2234 possit
1476 2177 1580 2220 res
1610 2163 1755 2219 tota
1784 2156 2017 2219 nitore.

658 2352 825 2413 Tum
862 2371 1063 2429 porro
1097 2372 1264 2430 quae
1298 2352 1485 2415 ducit
1531 2361 1596 2423 <
1606 2358 1746 2422 et>
1792 2350 2006 2414 inlicit
2041 2358 2118 2414 ut
2155 2350 2528 2414 tribuamus

530 2461 884 2541 principiis
911 2481 1133 2524 rerum
1163 2481 1661 2540 nonnumquam
1689 2480 1887 2524 causa
1917 2462 2178 2537 colores,

531 2571 788 2648 occidit,
825 2593 904 2635 ex
936 2571 1101 2634 albis
1134 2571 1444 2649 quoniam
1476 2592 1611 2633 non
1643 2572 1791 2634 alba
1824 2577 2156 2647 creantur,

529 2702 648 2744 nec
678 2701 844 2759 quae
875 2680 1070 2759 nigra
1099 2682 1322 2743 cluent
1352 2682 1431 2744 de
1463 2680 1674 2758 nigris
1703 2680 1818 2743 sed
1846 2680 2057 2742 uariis
2086 2701 2183 2743 ex.

530 2789 777 2867 quippe
811 2790 1051 2853 etenim
1084 2790 1294 2852 multo
1327 2790 1691 2867 procliuius
1726 2787 2107 2852 exorientur

529 2899 813 2962 candida
844 2900 923 2961 de
955 2900 1142 2963 nullo
1171 2920 1368 2976 quam
1400 2898 1596 2977 nigro
1622 2905 1782 2961 nata
1812 2898 2023 2961 colore

529 3016 646 3072 aut
677 3009 807 3071 alio
834 3008 1068 3086 quouis
1097 3008 1212 3086 qui
1242 3015 1476 3071 contra
1501 3015 1755 3088 pugnet
1786 3014 1851 3072 et
1881 3009 2109 3071 obstet.

654 3119 1005 3181 Praeterea
1034 3118 1345 3196 quoniam
1375 3123 1713 3195 nequeunt
1742 3117 1881 3180 sine
1912 3118 2055 3181 luce
2086 3118 2333 3179 colores

529 3249 662 3291 esse
695 3248 906 3305 neque
937 3227 1007 3289 in
1041 3229 1251 3292 lucem
1284 3227 1579 3290 existunt
1613 3226 1979 3305 primordia
2012 3247 2255 3303 rerum,

526 3338 692 3401 scire
726 3338 879 3401 licet
915 3358 1111 3415 quam
1147 3337 1281 3400 sint
1315 3338 1499 3400 nullo
1532 3338 1755 3399 uelata
1790 3336 2021 3399 colore.

441 3448 741 3525 —qualis
774 3446 947 3511 enim
979 3446 1185 3510 caecis
1219 3446 1465 3524 poterit
1497 3447 1673 3509 color
1706 3466 1839 3509 esse
1872 3444 2203 3509 tenebris?

441 3557 773 3621 —lumine
806 3556 968 3635 quin
1001 3556 1143 3634 ipso
1173 3563 1475 3619 mutatur
1506 3562 1861 3634 propterea
1894 3556 2069 3633 quod

527 3674 706 3731 recta
744 3674 862 3730 aut
897 3666 1162 3744 obliqua
1198 3686 1546 3745 percussus
1581 3666 1727 3727 luce
1764 3664 2088 3742 refulget3

1079 3772 1179 3822 DE
1221 3770 1511 3822 COLORE
1555 3771 2094 3822 GOLVMBARVM

525 3864 754 3941 pluma
786 3862 1236 3924 columbarum
1268 3881 1399 3938 quo
1430 3867 1628 3939 pacto
1657 3860 1727 3922 in
1759 3861 1891 3923 sole
1923 3859 2213 3935 uidetur,

548 3994 648 4044 780
668 3993 814 4053 vulg.
843 3996 905 4043 ut

549 4062 650 4111 790
671 4064 898 4111 creatur

1532 4178 1646 4229 [66]

2753 836 2850 885 775

2752 1384 2851 1434 780

2749 1932 2850 1982 785

2748 2567 2845 2615 790

2743 3114 2843 3164 795

2739 3660 2837 3710 800
