<?xml version="1.0" encoding="UTF-8"?>
<!DOCTYPE html PUBLIC "-//W3C//DTD XHTML 1.0 Transitional//EN"
    "http://www.w3.org/TR/xhtml1/DTD/xhtml1-transitional.dtd">
<html xmlns="http://www.w3.org/1999/xhtml" xml:lang="en" lang="en">
 <head>
  <title>
</title>
<meta http-equiv="Content-Type" content="text/html;charset=utf-8" />
  <meta name='ocr-system' content='tesseract 3.04.00' />
  <meta name='ocr-capabilities' content='ocr_page ocr_carea ocr_par ocr_line ocrx_word'/>
</head>
<body>
  <div class='ocr_page' id='page_1' title='image "./lvcretiderervmn00unkngoog_0164.png"; bbox 0 0 3182 4602; ppageno 0'>
   <div class='ocr_carea' id='block_1_1' title="bbox 1108 416 1754 478">
    <p class='ocr_par' dir='ltr' id='par_1_1' title="bbox 1108 416 1754 478">
     <span class='ocr_line' id='line_1_1' title="bbox 1108 416 1754 478; baseline 0 -3"><span class='ocrx_word' id='word_1_1' title='bbox 1108 427 1169 476; x_wconf 87' lang='grc' dir='ltr'><strong>Τ.</strong></span> <span class='ocrx_word' id='word_1_2' title='bbox 1211 416 1536 478; x_wconf 74' lang='lat' dir='ltr'><strong><em>LVGRETI</em></strong></span> <span class='ocrx_word' id='word_1_3' title='bbox 1577 426 1754 477; x_wconf 84' lang='lat' dir='ltr'><strong><em>CARI</em></strong></span> 
     </span>
    </p>
   </div>
   <div class='ocr_carea' id='block_1_2' title="bbox 280 642 2751 1825">
    <p class='ocr_par' dir='ltr' id='par_1_2' title="bbox 280 642 2751 1825">
     <span class='ocr_line' id='line_1_2' title="bbox 362 642 2123 720; baseline -0.001 -16"><span class='ocrx_word' id='word_1_4' title='bbox 362 642 710 705; x_wconf 85' lang='lat' dir='ltr'><strong>subruitur</strong></span> <span class='ocrx_word' id='word_1_5' title='bbox 744 648 1022 719; x_wconf 84' lang='lat' dir='ltr'><strong>natura3</strong></span> <span class='ocrx_word' id='word_1_6' title='bbox 1058 644 1244 705; x_wconf 90' lang='lat' dir='ltr'><strong>dolor</strong></span> <span class='ocrx_word' id='word_1_7' title='bbox 1279 662 1475 720; x_wconf 91' lang='lat' dir='ltr'><strong>quam</strong></span> <span class='ocrx_word' id='word_1_8' title='bbox 1510 642 1934 719; x_wconf 83' lang='lat' dir='ltr'><strong>consequitur</strong></span> <span class='ocrx_word' id='word_1_9' title='bbox 1966 662 2123 703; x_wconf 92' lang='lat' dir='ltr'><strong>rem.</strong></span> 
     </span>
     <span class='ocr_line' id='line_1_3' title="bbox 364 742 1941 830; baseline 0.001 -17"><span class='ocrx_word' id='word_1_10' title='bbox 364 759 717 830; x_wconf 86' lang='lat' dir='ltr'><strong>propterea</strong></span> <span class='ocrx_word' id='word_1_11' title='bbox 751 742 1016 830; x_wconf 87' lang='lat' dir='ltr'><strong>capitur</strong></span> <span class='ocrx_word' id='word_1_12' title='bbox 1051 752 1235 815; x_wconf 87' lang='lat' dir='ltr'><strong>cibus</strong></span> <span class='ocrx_word' id='word_1_13' title='bbox 1266 759 1343 815; x_wconf 92' lang='lat' dir='ltr'><strong>ut</strong></span> <span class='ocrx_word' id='word_1_14' title='bbox 1378 752 1717 815; x_wconf 83' lang='lat' dir='ltr'><strong>suffulciat</strong></span> <span class='ocrx_word' id='word_1_15' title='bbox 1753 759 1941 815; x_wconf 87' lang='lat' dir='ltr'><strong>artus</strong></span> 
     </span>
     <span class='ocr_line' id='line_1_4' title="bbox 363 862 1931 940; baseline -0.001 -16"><span class='ocrx_word' id='word_1_16' title='bbox 363 869 427 925; x_wconf 92' lang='lat' dir='ltr'><strong>et</strong></span> <span class='ocrx_word' id='word_1_17' title='bbox 460 869 710 925; x_wconf 93' lang='lat' dir='ltr'><strong>recreet</strong></span> <span class='ocrx_word' id='word_1_18' title='bbox 744 862 921 925; x_wconf 84' lang='lat' dir='ltr'><strong>uires</strong></span> <span class='ocrx_word' id='word_1_19' title='bbox 955 862 1330 925; x_wconf 88' lang='lat' dir='ltr'><strong>interdatus</strong></span> <span class='ocrx_word' id='word_1_20' title='bbox 1364 869 1560 940; x_wconf 90' lang='lat' dir='ltr'><strong>atque</strong></span> <span class='ocrx_word' id='word_1_21' title='bbox 1596 869 1931 940; x_wconf 88' lang='lat' dir='ltr'><strong>patentem</strong></span> 
     </span>
     <span class='ocr_line' id='line_1_5' title="bbox 364 971 2163 1050; baseline 0 -17"><span class='ocrx_word' id='word_1_22' title='bbox 364 992 481 1050; x_wconf 89' lang='lat' dir='ltr'><strong>per</strong></span> <span class='ocrx_word' id='word_1_23' title='bbox 511 973 802 1035; x_wconf 85' lang='lat' dir='ltr'><strong>membra</strong></span> <span class='ocrx_word' id='word_1_24' title='bbox 837 992 910 1035; x_wconf 92' lang='lat' dir='ltr'><strong>ac</strong></span> <span class='ocrx_word' id='word_1_25' title='bbox 941 992 1148 1035; x_wconf 84' lang='lat' dir='ltr'><strong>uenas</strong></span> <span class='ocrx_word' id='word_1_26' title='bbox 1177 979 1255 1035; x_wconf 91' lang='lat' dir='ltr'><strong>ut</strong></span> <span class='ocrx_word' id='word_1_27' title='bbox 1288 991 1573 1035; x_wconf 89' lang='lat' dir='ltr'><strong>amorem</strong></span> <span class='ocrx_word' id='word_1_28' title='bbox 1606 978 1873 1050; x_wconf 90' lang='lat' dir='ltr'><strong>opturet</strong></span> <span class='ocrx_word' id='word_1_29' title='bbox 1906 971 2163 1033; x_wconf 90' lang='lat' dir='ltr'><strong>edendi.</strong></span> 
     </span>
     <span class='ocr_line' id='line_1_6' title="bbox 280 1078 2678 1159; baseline 0 -15"><span class='ocrx_word' id='word_1_30' title='bbox 280 1102 551 1145; x_wconf 70' lang='lat' dir='ltr'><strong>—umor</strong></span> <span class='ocrx_word' id='word_1_31' title='bbox 584 1082 738 1144; x_wconf 90' lang='lat' dir='ltr'><strong>item</strong></span> <span class='ocrx_word' id='word_1_32' title='bbox 770 1082 1048 1145; x_wconf 82' lang='lat' dir='ltr'><strong>discedit</strong></span> <span class='ocrx_word' id='word_1_33' title='bbox 1079 1082 1151 1143; x_wconf 92' lang='lat' dir='ltr'><strong>in</strong></span> <span class='ocrx_word' id='word_1_34' title='bbox 1182 1082 1400 1145; x_wconf 87' lang='lat' dir='ltr'><strong>omnia</strong></span> <span class='ocrx_word' id='word_1_35' title='bbox 1431 1101 1599 1159; x_wconf 89' lang='lat' dir='ltr'><strong>quae</strong></span> <span class='ocrx_word' id='word_1_36' title='bbox 1629 1082 1770 1144; x_wconf 87' lang='lat' dir='ltr'><strong>loca</strong></span> <span class='ocrx_word' id='word_1_37' title='bbox 1802 1102 2078 1158; x_wconf 92' lang='lat' dir='ltr'><strong>cumque</strong></span> <span class='ocrx_word' id='word_1_38' title='bbox 2573 1078 2678 1127; x_wconf 85' lang='lat'><strong>870</strong></span> 
     </span>
     <span class='ocr_line' id='line_1_7' title="bbox 363 1190 2065 1269; baseline 0 -16"><span class='ocrx_word' id='word_1_39' title='bbox 363 1199 644 1269; x_wconf 90' lang='lat' dir='ltr'><strong>poscunt</strong></span> <span class='ocrx_word' id='word_1_40' title='bbox 673 1212 1000 1268; x_wconf 80' lang='lat' dir='ltr'><strong>umorem3</strong></span> <span class='ocrx_word' id='word_1_41' title='bbox 1034 1193 1521 1269; x_wconf 83' lang='lat' dir='ltr'><strong>glomerataque</strong></span> <span class='ocrx_word' id='word_1_42' title='bbox 1553 1192 1767 1255; x_wconf 92' lang='lat' dir='ltr'><strong>multa</strong></span> <span class='ocrx_word' id='word_1_43' title='bbox 1795 1190 2065 1269; x_wconf 91' lang='lat' dir='ltr'><strong>uaporis</strong></span> 
     </span>
     <span class='ocr_line' id='line_1_8' title="bbox 363 1300 2209 1379; baseline -0.001 -16"><span class='ocrx_word' id='word_1_44' title='bbox 363 1322 657 1379; x_wconf 89' lang='lat' dir='ltr'><strong>corpora,</strong></span> <span class='ocrx_word' id='word_1_45' title='bbox 697 1322 863 1379; x_wconf 87' lang='lat' dir='ltr'><strong>quae</strong></span> <span class='ocrx_word' id='word_1_46' title='bbox 897 1303 1232 1364; x_wconf 79' lang='lat' dir='ltr'><strong>stomacho</strong></span> <span class='ocrx_word' id='word_1_47' title='bbox 1266 1302 1585 1379; x_wconf 88' lang='lat' dir='ltr'><strong>praebent</strong></span> <span class='ocrx_word' id='word_1_48' title='bbox 1623 1300 1930 1364; x_wconf 89' lang='lat' dir='ltr'><strong>incendia</strong></span> <span class='ocrx_word' id='word_1_49' title='bbox 1965 1307 2209 1377; x_wconf 88' lang='lat' dir='ltr'><strong>nostro,</strong></span> 
     </span>
     <span class='ocr_line' id='line_1_9' title="bbox 363 1410 2193 1489; baseline -0.001 -16"><span class='ocrx_word' id='word_1_50' title='bbox 363 1412 666 1489; x_wconf 88' lang='lat' dir='ltr'><strong>dissupat</strong></span> <span class='ocrx_word' id='word_1_51' title='bbox 701 1412 1062 1474; x_wconf 90' lang='lat' dir='ltr'><strong>adueniens</strong></span> <span class='ocrx_word' id='word_1_52' title='bbox 1094 1412 1312 1489; x_wconf 90' lang='lat' dir='ltr'><strong>liquor</strong></span> <span class='ocrx_word' id='word_1_53' title='bbox 1345 1432 1420 1474; x_wconf 88' lang='lat' dir='ltr'><strong>ac</strong></span> <span class='ocrx_word' id='word_1_54' title='bbox 1455 1410 1812 1488; x_wconf 83' lang='lat' dir='ltr'><strong>restinguit</strong></span> <span class='ocrx_word' id='word_1_55' title='bbox 1845 1417 1922 1473; x_wconf 94' lang='lat' dir='ltr'><strong>ut</strong></span> <span class='ocrx_word' id='word_1_56' title='bbox 1956 1410 2193 1487; x_wconf 86' lang='lat' dir='ltr'><strong>ignem,</strong></span> 
     </span>
     <span class='ocr_line' id='line_1_10' title="bbox 364 1520 2751 1609; baseline -0.001 -26"><span class='ocrx_word' id='word_1_57' title='bbox 364 1541 556 1585; x_wconf 87' lang='lat' dir='ltr'><strong>urere</strong></span> <span class='ocrx_word' id='word_1_58' title='bbox 587 1542 669 1585; x_wconf 92' lang='lat' dir='ltr'><strong>ne</strong></span> <span class='ocrx_word' id='word_1_59' title='bbox 701 1521 906 1598; x_wconf 89' lang='lat' dir='ltr'><strong>possit</strong></span> <span class='ocrx_word' id='word_1_60' title='bbox 939 1522 1116 1583; x_wconf 87' lang='lat' dir='ltr'><strong>calor</strong></span> <span class='ocrx_word' id='word_1_61' title='bbox 1149 1521 1435 1599; x_wconf 90' lang='lat' dir='ltr'><strong>amplius</strong></span> <span class='ocrx_word' id='word_1_62' title='bbox 1467 1520 1697 1583; x_wconf 87' lang='lat' dir='ltr'><strong>aridus</strong></span> <span class='ocrx_word' id='word_1_63' title='bbox 1730 1527 1934 1583; x_wconf 80' lang='lat' dir='ltr'><strong>artus,</strong></span> <span class='ocrx_word' id='word_1_64' title='bbox 2747 1605 2751 1609; x_wconf 19' lang='grc' dir='ltr'>Ι</span> 
     </span>
     <span class='ocr_line' id='line_1_11' title="bbox 283 1625 2679 1709; baseline 0 -17"><span class='ocrx_word' id='word_1_65' title='bbox 283 1631 455 1693; x_wconf 91' lang='lat' dir='ltr'><strong>—sic</strong></span> <span class='ocrx_word' id='word_1_66' title='bbox 484 1631 693 1709; x_wconf 90' lang='lat' dir='ltr'><strong>igitur</strong></span> <span class='ocrx_word' id='word_1_67' title='bbox 723 1632 847 1693; x_wconf 88' lang='lat' dir='ltr'><strong>tibi</strong></span> <span class='ocrx_word' id='word_1_68' title='bbox 879 1632 1113 1694; x_wconf 88' lang='lat' dir='ltr'><strong>anhela</strong></span> <span class='ocrx_word' id='word_1_69' title='bbox 1143 1631 1286 1693; x_wconf 90' lang='lat' dir='ltr'><strong>sitis</strong></span> <span class='ocrx_word' id='word_1_70' title='bbox 1317 1632 1398 1692; x_wconf 90' lang='lat' dir='ltr'><strong>de</strong></span> <span class='ocrx_word' id='word_1_71' title='bbox 1429 1650 1700 1708; x_wconf 89' lang='lat' dir='ltr'><strong>corpore</strong></span> <span class='ocrx_word' id='word_1_72' title='bbox 1731 1637 1959 1692; x_wconf 93' lang='lat' dir='ltr'><strong>nostro</strong></span> <span class='ocrx_word' id='word_1_73' title='bbox 2575 1625 2679 1674; x_wconf 83' lang='grc'><strong>875</strong></span> 
     </span>
     <span class='ocr_line' id='line_1_12' title="bbox 365 1736 1733 1825; baseline -0.001 -22"><span class='ocrx_word' id='word_1_74' title='bbox 365 1741 678 1818; x_wconf 84' lang='lat' dir='ltr'><strong>abluitur,</strong></span> <span class='ocrx_word' id='word_1_75' title='bbox 711 1742 803 1803; x_wconf 92' lang='lat' dir='ltr'><strong>sic</strong></span> <span class='ocrx_word' id='word_1_76' title='bbox 835 1742 1140 1819; x_wconf 84' lang='lat' dir='ltr'><strong>expletur</strong></span> <span class='ocrx_word' id='word_1_77' title='bbox 1172 1741 1394 1804; x_wconf 89' lang='lat' dir='ltr'><strong>ieiuna</strong></span> <span class='ocrx_word' id='word_1_78' title='bbox 1427 1736 1733 1825; x_wconf 75' lang='lat' dir='ltr'><strong>cupidol}</strong></span> 
     </span>
    </p>
   </div>
   <div class='ocr_carea' id='block_1_3' title="bbox 431 1966 2418 2166">
    <p class='ocr_par' dir='ltr' id='par_1_3' title="bbox 431 1966 2418 2166">
     <span class='ocr_line' id='line_1_13' title="bbox 431 1966 2418 2066; baseline -0.002 -17"><span class='ocrx_word' id='word_1_79' title='bbox 431 1999 530 2049; x_wconf 88' lang='lat' dir='ltr'><strong>DE</strong></span> <span class='ocrx_word' id='word_1_80' title='bbox 581 1999 796 2049; x_wconf 83' lang='lat' dir='ltr'>MOTV</span> <span class='ocrx_word' id='word_1_81' title='bbox 845 1999 1347 2049; x_wconf 82' lang='lat' dir='ltr'><strong>MEMBRORVM</strong></span> <span class='ocrx_word' id='word_1_82' title='bbox 1397 1999 1547 2049; x_wconf 82' lang='lat' dir='ltr'><strong>HOC</strong></span> <span class='ocrx_word' id='word_1_83' title='bbox 1586 1966 1735 2049; x_wconf 50' lang='lat' dir='ltr'>‘EST</span> <span class='ocrx_word' id='word_1_84' title='bbox 1783 1998 1883 2066; x_wconf 86' lang='lat' dir='ltr'><strong>DE</strong></span> <span class='ocrx_word' id='word_1_85' title='bbox 1932 1997 2418 2048; x_wconf 90' lang='lat' dir='ltr'>AMBVLANDO</span> 
     </span>
     <span class='ocr_line' id='line_1_14' title="bbox 488 2088 2088 2166; baseline 0 -17"><span class='ocrx_word' id='word_1_86' title='bbox 488 2089 682 2151; x_wconf 92' lang='lat' dir='ltr'><strong>Nunc</strong></span> <span class='ocrx_word' id='word_1_87' title='bbox 716 2088 830 2165; x_wconf 92' lang='lat' dir='ltr'><strong>qui</strong></span> <span class='ocrx_word' id='word_1_88' title='bbox 863 2088 980 2151; x_wconf 83' lang='lat' dir='ltr'><strong>fiat</strong></span> <span class='ocrx_word' id='word_1_89' title='bbox 1012 2089 1114 2150; x_wconf 91' lang='lat' dir='ltr'><strong>uti</strong></span> <span class='ocrx_word' id='word_1_90' title='bbox 1151 2109 1384 2166; x_wconf 85' lang='lat' dir='ltr'><strong>passus</strong></span> <span class='ocrx_word' id='word_1_91' title='bbox 1416 2088 1721 2166; x_wconf 83' lang='lat' dir='ltr'><strong>proferre</strong></span> <span class='ocrx_word' id='word_1_92' title='bbox 1757 2108 2088 2165; x_wconf 81' lang='lat' dir='ltr'><strong>queamUS,</strong></span> 
     </span>
    </p>
   </div>
   <div class='ocr_carea' id='block_1_4' title="bbox 287 2190 2683 4034">
    <p class='ocr_par' dir='ltr' id='par_1_4' title="bbox 365 2190 2237 2277">
     <span class='ocr_line' id='line_1_15' title="bbox 365 2190 2237 2277; baseline -0.001 -17"><span class='ocrx_word' id='word_1_93' title='bbox 365 2190 512 2260; x_wconf 87' lang='lat' dir='ltr'><strong>cum</strong></span> <span class='ocrx_word' id='word_1_94' title='bbox 544 2200 869 2275; x_wconf 81' lang='lat' dir='ltr'><strong>uolumuS,</strong></span> <span class='ocrx_word' id='word_1_95' title='bbox 902 2199 1216 2275; x_wconf 88' lang='lat' dir='ltr'><strong>uarieque</strong></span> <span class='ocrx_word' id='word_1_96' title='bbox 1248 2199 1480 2261; x_wconf 88' lang='lat' dir='ltr'><strong>datum</strong></span> <span class='ocrx_word' id='word_1_97' title='bbox 1515 2198 1602 2261; x_wconf 91' lang='lat' dir='ltr'><strong>sit</strong></span> <span class='ocrx_word' id='word_1_98' title='bbox 1633 2199 1923 2261; x_wconf 90' lang='lat' dir='ltr'><strong>membra</strong></span> <span class='ocrx_word' id='word_1_99' title='bbox 1956 2217 2237 2277; x_wconf 87' lang='lat' dir='ltr'><strong>mouere,</strong></span> 
     </span>
    </p>

    <p class='ocr_par' dir='ltr' id='par_1_5' title="bbox 367 2309 2119 2387">
     <span class='ocr_line' id='line_1_16' title="bbox 367 2309 2119 2387; baseline -0.001 -16"><span class='ocrx_word' id='word_1_100' title='bbox 367 2316 429 2372; x_wconf 93' lang='lat' dir='ltr'><strong>et</strong></span> <span class='ocrx_word' id='word_1_101' title='bbox 460 2329 626 2387; x_wconf 90' lang='lat' dir='ltr'><strong>quae</strong></span> <span class='ocrx_word' id='word_1_102' title='bbox 656 2330 760 2372; x_wconf 90' lang='lat' dir='ltr'><strong>res</strong></span> <span class='ocrx_word' id='word_1_103' title='bbox 788 2317 1053 2373; x_wconf 88' lang='lat' dir='ltr'><strong>tantum</strong></span> <span class='ocrx_word' id='word_1_104' title='bbox 1081 2311 1203 2372; x_wconf 90' lang='lat' dir='ltr'><strong>hoc</strong></span> <span class='ocrx_word' id='word_1_105' title='bbox 1235 2310 1451 2372; x_wconf 87' lang='lat' dir='ltr'><strong>oneris</strong></span> <span class='ocrx_word' id='word_1_106' title='bbox 1482 2311 1879 2387; x_wconf 86' lang='lat' dir='ltr'><strong>protrudere</strong></span> <span class='ocrx_word' id='word_1_107' title='bbox 1910 2309 2119 2372; x_wconf 85' lang='lat' dir='ltr'><strong>nostri</strong></span> 
     </span>
    </p>

    <p class='ocr_par' dir='ltr' id='par_1_6' title="bbox 366 2415 2679 2497">
     <span class='ocr_line' id='line_1_17' title="bbox 366 2415 2679 2497; baseline -0 -16"><span class='ocrx_word' id='word_1_108' title='bbox 366 2419 658 2497; x_wconf 92' lang='lat' dir='ltr'><strong>corporis</strong></span> <span class='ocrx_word' id='word_1_109' title='bbox 689 2419 988 2496; x_wconf 90' lang='lat' dir='ltr'><strong>insuerit,</strong></span> <span class='ocrx_word' id='word_1_110' title='bbox 1021 2420 1269 2482; x_wconf 88' lang='lat' dir='ltr'><strong>dicam:</strong></span> <span class='ocrx_word' id='word_1_111' title='bbox 1305 2425 1379 2481; x_wconf 93' lang='lat' dir='ltr'><strong>tu</strong></span> <span class='ocrx_word' id='word_1_112' title='bbox 1415 2419 1681 2497; x_wconf 89' lang='lat' dir='ltr'><strong>percipe</strong></span> <span class='ocrx_word' id='word_1_113' title='bbox 1714 2419 1909 2481; x_wconf 87' lang='lat' dir='ltr'><strong>dicta.</strong></span> <span class='ocrx_word' id='word_1_114' title='bbox 2574 2415 2679 2463; x_wconf 84' lang='lat'><strong>880</strong></span> 
     </span>
    </p>

    <p class='ocr_par' dir='ltr' id='par_1_7' title="bbox 365 2529 2047 2616">
     <span class='ocr_line' id='line_1_18' title="bbox 365 2529 2047 2616; baseline -0.001 -26"><span class='ocrx_word' id='word_1_115' title='bbox 365 2530 530 2592; x_wconf 93' lang='lat' dir='ltr'><strong>Dico</strong></span> <span class='ocrx_word' id='word_1_116' title='bbox 563 2530 784 2593; x_wconf 88' lang='lat' dir='ltr'><strong>animo</strong></span> <span class='ocrx_word' id='word_1_117' title='bbox 813 2536 1041 2592; x_wconf 88' lang='lat' dir='ltr'><strong>nostro</strong></span> <span class='ocrx_word' id='word_1_118' title='bbox 1073 2530 1361 2607; x_wconf 90' lang='lat' dir='ltr'><strong>primum</strong></span> <span class='ocrx_word' id='word_1_119' title='bbox 1397 2529 1750 2616; x_wconf 87' lang='lat' dir='ltr'><strong>simulacra</strong></span> <span class='ocrx_word' id='word_1_120' title='bbox 1783 2529 2047 2592; x_wconf 90' lang='lat' dir='ltr'><strong>meandi</strong></span> 
     </span>
    </p>

    <p class='ocr_par' dir='ltr' id='par_1_8' title="bbox 367 2639 2191 2716">
     <span class='ocr_line' id='line_1_19' title="bbox 367 2639 2191 2716; baseline -0.001 -15"><span class='ocrx_word' id='word_1_121' title='bbox 367 2640 669 2702; x_wconf 89' lang='lat' dir='ltr'><strong>accedere</strong></span> <span class='ocrx_word' id='word_1_122' title='bbox 703 2647 900 2716; x_wconf 89' lang='lat' dir='ltr'><strong>atque</strong></span> <span class='ocrx_word' id='word_1_123' title='bbox 937 2639 1230 2702; x_wconf 90' lang='lat' dir='ltr'><strong>animum</strong></span> <span class='ocrx_word' id='word_1_124' title='bbox 1264 2641 1549 2716; x_wconf 89' lang='lat' dir='ltr'><strong>pulsare,</strong></span> <span class='ocrx_word' id='word_1_125' title='bbox 1583 2646 1661 2701; x_wconf 90' lang='lat' dir='ltr'><strong>ut</strong></span> <span class='ocrx_word' id='word_1_126' title='bbox 1699 2639 1985 2701; x_wconf 87' lang='lat' dir='ltr'><strong>diximus</strong></span> <span class='ocrx_word' id='word_1_127' title='bbox 2020 2645 2191 2701; x_wconf 89' lang='lat' dir='ltr'><strong>ante.</strong></span> 
     </span>
    </p>

    <p class='ocr_par' dir='ltr' id='par_1_9' title="bbox 365 2748 2229 2826">
     <span class='ocr_line' id='line_1_20' title="bbox 365 2748 2229 2826; baseline 0.002 -16"><span class='ocrx_word' id='word_1_128' title='bbox 365 2749 517 2811; x_wconf 91' lang='lat' dir='ltr'><strong>inde</strong></span> <span class='ocrx_word' id='word_1_129' title='bbox 549 2750 861 2812; x_wconf 90' lang='lat' dir='ltr'><strong>uoluntas</strong></span> <span class='ocrx_word' id='word_1_130' title='bbox 892 2749 1001 2826; x_wconf 92' lang='lat' dir='ltr'><strong>fit;</strong></span> <span class='ocrx_word' id='word_1_131' title='bbox 1035 2770 1246 2826; x_wconf 89' lang='lat' dir='ltr'><strong>neque</strong></span> <span class='ocrx_word' id='word_1_132' title='bbox 1279 2749 1452 2812; x_wconf 93' lang='lat' dir='ltr'><strong>enim</strong></span> <span class='ocrx_word' id='word_1_133' title='bbox 1486 2748 1706 2812; x_wconf 83' lang='lat' dir='ltr'><strong>facere</strong></span> <span class='ocrx_word' id='word_1_134' title='bbox 1738 2749 1975 2826; x_wconf 90' lang='lat' dir='ltr'><strong>incipit</strong></span> <span class='ocrx_word' id='word_1_135' title='bbox 2005 2749 2229 2814; x_wconf 83' lang='lat' dir='ltr'><strong>ullam.</strong></span> 
     </span>
    </p>

    <p class='ocr_par' dir='ltr' id='par_1_10' title="bbox 365 2858 2446 2937">
     <span class='ocr_line' id='line_1_21' title="bbox 365 2858 2446 2937; baseline -0 -17"><span class='ocrx_word' id='word_1_136' title='bbox 365 2881 500 2922; x_wconf 89' lang='lat' dir='ltr'><strong>rem</strong></span> <span class='ocrx_word' id='word_1_137' title='bbox 535 2859 900 2937; x_wconf 87' lang='lat' dir='ltr'><strong>quisquam,</strong></span> <span class='ocrx_word' id='word_1_138' title='bbox 946 2869 1292 2936; x_wconf 90' lang='lat' dir='ltr'><strong>&lt;quam&gt;</strong></span> <span class='ocrx_word' id='word_1_139' title='bbox 1336 2879 1516 2920; x_wconf 90' lang='lat' dir='ltr'><strong>mens</strong></span> <span class='ocrx_word' id='word_1_140' title='bbox 1552 2859 1851 2937; x_wconf 86' lang='lat' dir='ltr'><strong>prouidit</strong></span> <span class='ocrx_word' id='word_1_141' title='bbox 1883 2858 2044 2935; x_wconf 90' lang='lat' dir='ltr'><strong>quid</strong></span> <span class='ocrx_word' id='word_1_142' title='bbox 2077 2859 2240 2920; x_wconf 90' lang='lat' dir='ltr'><strong>uelit</strong></span> <span class='ocrx_word' id='word_1_143' title='bbox 2274 2864 2446 2920; x_wconf 88' lang='lat' dir='ltr'><strong>ante.</strong></span> 
     </span>
    </p>

    <p class='ocr_par' dir='ltr' id='par_1_11' title="bbox 287 2964 2681 3156">
     <span class='ocr_line' id='line_1_22' title="bbox 367 2964 2681 3047; baseline 0.001 -18"><span class='ocrx_word' id='word_1_144' title='bbox 367 2968 434 3030; x_wconf 91' lang='lat' dir='ltr'><strong>id</strong></span> <span class='ocrx_word' id='word_1_145' title='bbox 464 2970 639 3046; x_wconf 92' lang='lat' dir='ltr'><strong>quod</strong></span> <span class='ocrx_word' id='word_1_146' title='bbox 669 2969 997 3047; x_wconf 90' lang='lat' dir='ltr'><strong>prouidet‚</strong></span> <span class='ocrx_word' id='word_1_147' title='bbox 1031 2969 1213 3031; x_wconf 89' lang='lat' dir='ltr'><strong>illius</strong></span> <span class='ocrx_word' id='word_1_148' title='bbox 1240 2969 1334 3032; x_wconf 87' lang='lat' dir='ltr'><strong>rei</strong></span> <span class='ocrx_word' id='word_1_149' title='bbox 1366 2974 1624 3031; x_wconf 88' lang='lat' dir='ltr'><strong>constat</strong></span> <span class='ocrx_word' id='word_1_150' title='bbox 1654 2969 1887 3045; x_wconf 84' lang='lat' dir='ltr'><strong>imago.</strong></span> <span class='ocrx_word' id='word_1_151' title='bbox 2575 2964 2681 3012; x_wconf 87' lang='lat'><strong>885</strong></span> 
     </span>
     <span class='ocr_line' id='line_1_23' title="bbox 287 3077 2095 3156; baseline -0.001 -16"><span class='ocrx_word' id='word_1_152' title='bbox 287 3098 521 3156; x_wconf 83' lang='lat' dir='ltr'><strong>—ergo</strong></span> <span class='ocrx_word' id='word_1_153' title='bbox 551 3079 809 3142; x_wconf 88' lang='lat' dir='ltr'><strong>animus</strong></span> <span class='ocrx_word' id='word_1_154' title='bbox 839 3100 986 3141; x_wconf 93' lang='lat' dir='ltr'><strong>cum</strong></span> <span class='ocrx_word' id='word_1_155' title='bbox 1017 3099 1150 3140; x_wconf 90' lang='lat' dir='ltr'><strong>sese</strong></span> <span class='ocrx_word' id='word_1_156' title='bbox 1181 3079 1279 3142; x_wconf 90' lang='lat' dir='ltr'><strong>ita</strong></span> <span class='ocrx_word' id='word_1_157' title='bbox 1307 3085 1669 3140; x_wconf 90' lang='lat' dir='ltr'><strong>commouet</strong></span> <span class='ocrx_word' id='word_1_158' title='bbox 1698 3084 1776 3140; x_wconf 93' lang='lat' dir='ltr'><strong>ut</strong></span> <span class='ocrx_word' id='word_1_159' title='bbox 1804 3077 1971 3139; x_wconf 90' lang='lat' dir='ltr'><strong>uelit</strong></span> <span class='ocrx_word' id='word_1_160' title='bbox 2000 3077 2095 3138; x_wconf 90' lang='lat' dir='ltr'><strong>ire</strong></span> 
     </span>
    </p>

    <p class='ocr_par' dir='ltr' id='par_1_12' title="bbox 367 3187 2154 3266">
     <span class='ocr_line' id='line_1_24' title="bbox 367 3187 2154 3266; baseline 0 -17"><span class='ocrx_word' id='word_1_161' title='bbox 367 3189 566 3266; x_wconf 91' lang='lat' dir='ltr'><strong>inque</strong></span> <span class='ocrx_word' id='word_1_162' title='bbox 600 3189 806 3266; x_wconf 87' lang='lat' dir='ltr'><strong>gredi,</strong></span> <span class='ocrx_word' id='word_1_163' title='bbox 843 3187 1004 3251; x_wconf 79' lang='lat' dir='ltr'><strong>ferit</strong></span> <span class='ocrx_word' id='word_1_164' title='bbox 1039 3188 1567 3265; x_wconf 84' lang='lat' dir='ltr'><strong>extemploquae</strong></span> <span class='ocrx_word' id='word_1_165' title='bbox 1603 3187 1673 3249; x_wconf 93' lang='lat' dir='ltr'><strong>in</strong></span> <span class='ocrx_word' id='word_1_166' title='bbox 1709 3207 1980 3264; x_wconf 93' lang='lat' dir='ltr'><strong>corpore</strong></span> <span class='ocrx_word' id='word_1_167' title='bbox 2014 3193 2154 3250; x_wconf 91' lang='lat' dir='ltr'><strong>toto</strong></span> 
     </span>
    </p>

    <p class='ocr_par' dir='ltr' id='par_1_13' title="bbox 366 3297 2075 3377">
     <span class='ocr_line' id='line_1_25' title="bbox 366 3297 2075 3377; baseline 0 -17"><span class='ocrx_word' id='word_1_168' title='bbox 366 3319 484 3377; x_wconf 91' lang='lat' dir='ltr'><strong>per</strong></span> <span class='ocrx_word' id='word_1_169' title='bbox 514 3299 805 3362; x_wconf 88' lang='lat' dir='ltr'><strong>membra</strong></span> <span class='ocrx_word' id='word_1_170' title='bbox 835 3304 1031 3374; x_wconf 88' lang='lat' dir='ltr'><strong>atque</strong></span> <span class='ocrx_word' id='word_1_171' title='bbox 1065 3304 1254 3360; x_wconf 90' lang='lat' dir='ltr'><strong>artus</strong></span> <span class='ocrx_word' id='word_1_172' title='bbox 1283 3297 1528 3360; x_wconf 88' lang='lat' dir='ltr'><strong>animai</strong></span> <span class='ocrx_word' id='word_1_173' title='bbox 1561 3297 1793 3359; x_wconf 90' lang='lat' dir='ltr'><strong>dissita</strong></span> <span class='ocrx_word' id='word_1_174' title='bbox 1824 3297 1928 3358; x_wconf 88' lang='lat' dir='ltr'><strong>uis</strong></span> <span class='ocrx_word' id='word_1_175' title='bbox 1961 3304 2075 3360; x_wconf 88' lang='lat' dir='ltr'><strong>est.</strong></span> 
     </span>
    </p>

    <p class='ocr_par' dir='ltr' id='par_1_14' title="bbox 338 3407 2052 3484">
     <span class='ocr_line' id='line_1_26' title="bbox 338 3407 2052 3484; baseline -0.002 -13"><span class='ocrx_word' id='word_1_176' title='bbox 338 3409 433 3484; x_wconf 91' lang='lat' dir='ltr'><strong>(et</strong></span> <span class='ocrx_word' id='word_1_177' title='bbox 466 3408 728 3471; x_wconf 86' lang='lat' dir='ltr'><strong>facilest</strong></span> <span class='ocrx_word' id='word_1_178' title='bbox 761 3407 967 3484; x_wconf 83' lang='lat' dir='ltr'><strong>factu,</strong></span> <span class='ocrx_word' id='word_1_179' title='bbox 1004 3407 1312 3484; x_wconf 90' lang='lat' dir='ltr'><strong>quoniam</strong></span> <span class='ocrx_word' id='word_1_180' title='bbox 1349 3407 1701 3469; x_wconf 88' lang='lat' dir='ltr'><strong>coniuncta</strong></span> <span class='ocrx_word' id='word_1_181' title='bbox 1733 3407 2052 3482; x_wconf 86' lang='lat' dir='ltr'><strong>tenetur.)</strong></span> 
     </span>
    </p>

    <p class='ocr_par' dir='ltr' id='par_1_15' title="bbox 366 3512 2683 3595">
     <span class='ocr_line' id='line_1_27' title="bbox 366 3512 2683 3595; baseline 0 -16"><span class='ocrx_word' id='word_1_182' title='bbox 366 3517 519 3581; x_wconf 79' lang='lat' dir='ltr'><strong>inde</strong></span> <span class='ocrx_word' id='word_1_183' title='bbox 554 3537 631 3581; x_wconf 90' lang='lat' dir='ltr'><strong>ea</strong></span> <span class='ocrx_word' id='word_1_184' title='bbox 661 3538 988 3595; x_wconf 92' lang='lat' dir='ltr'><strong>proporro</strong></span> <span class='ocrx_word' id='word_1_185' title='bbox 1016 3537 1255 3595; x_wconf 86' lang='lat' dir='ltr'><strong>corpus</strong></span> <span class='ocrx_word' id='word_1_186' title='bbox 1289 3516 1468 3593; x_wconf 79' lang='lat' dir='ltr'><strong>ferit,</strong></span> <span class='ocrx_word' id='word_1_187' title='bbox 1504 3521 1702 3593; x_wconf 87' lang='lat' dir='ltr'><strong>atque</strong></span> <span class='ocrx_word' id='word_1_188' title='bbox 1736 3516 1830 3579; x_wconf 90' lang='lat' dir='ltr'><strong>ita</strong></span> <span class='ocrx_word' id='word_1_189' title='bbox 1861 3523 2002 3579; x_wconf 89' lang='lat' dir='ltr'><strong>tota</strong></span> <span class='ocrx_word' id='word_1_190' title='bbox 2458 3565 2461 3570; x_wconf 86' lang='lat'>.</span> <span class='ocrx_word' id='word_1_191' title='bbox 2577 3512 2683 3562; x_wconf 86' lang='lat'><strong>890</strong></span> 
     </span>
    </p>

    <p class='ocr_par' dir='ltr' id='par_1_16' title="bbox 368 3626 1987 3704">
     <span class='ocr_line' id='line_1_28' title="bbox 368 3626 1987 3704; baseline -0.001 -14"><span class='ocrx_word' id='word_1_192' title='bbox 368 3627 692 3704; x_wconf 86' lang='lat' dir='ltr'><strong>paulatim</strong></span> <span class='ocrx_word' id='word_1_193' title='bbox 729 3627 928 3690; x_wconf 90' lang='lat' dir='ltr'><strong>moles</strong></span> <span class='ocrx_word' id='word_1_194' title='bbox 965 3626 1392 3704; x_wconf 89' lang='lat' dir='ltr'><strong>protruditur</strong></span> <span class='ocrx_word' id='word_1_195' title='bbox 1430 3631 1628 3703; x_wconf 88' lang='lat' dir='ltr'><strong>atque</strong></span> <span class='ocrx_word' id='word_1_196' title='bbox 1664 3633 1987 3690; x_wconf 90' lang='lat' dir='ltr'><strong>mouetur.</strong></span> 
     </span>
    </p>

    <p class='ocr_par' dir='ltr' id='par_1_17' title="bbox 367 3736 2019 3813">
     <span class='ocr_line' id='line_1_29' title="bbox 367 3736 2019 3813; baseline -0.001 -15"><span class='ocrx_word' id='word_1_197' title='bbox 367 3737 722 3800; x_wconf 87' lang='lat' dir='ltr'><strong>Praeterea</strong></span> <span class='ocrx_word' id='word_1_198' title='bbox 753 3743 897 3798; x_wconf 89' lang='lat' dir='ltr'><strong>tum</strong></span> <span class='ocrx_word' id='word_1_199' title='bbox 931 3736 1206 3798; x_wconf 86' lang='lat' dir='ltr'><strong>rarescit</strong></span> <span class='ocrx_word' id='word_1_200' title='bbox 1242 3756 1498 3813; x_wconf 91' lang='lat' dir='ltr'><strong>quoque</strong></span> <span class='ocrx_word' id='word_1_201' title='bbox 1533 3756 1773 3813; x_wconf 89' lang='lat' dir='ltr'><strong>corpus</strong></span> <span class='ocrx_word' id='word_1_202' title='bbox 1808 3742 1872 3798; x_wconf 92' lang='lat' dir='ltr'><strong>et</strong></span> <span class='ocrx_word' id='word_1_203' title='bbox 1908 3756 2019 3798; x_wconf 86' lang='lat' dir='ltr'><strong>aer</strong></span> 
     </span>
    </p>

    <p class='ocr_par' dir='ltr' id='par_1_18' title="bbox 339 3845 1909 3924">
     <span class='ocr_line' id='line_1_30' title="bbox 339 3845 1909 3924; baseline -0.002 -15"><span class='ocrx_word' id='word_1_204' title='bbox 339 3847 616 3922; x_wconf 91' lang='lat' dir='ltr'><strong>(scilicet</strong></span> <span class='ocrx_word' id='word_1_205' title='bbox 646 3853 723 3909; x_wconf 94' lang='lat' dir='ltr'><strong>ut</strong></span> <span class='ocrx_word' id='word_1_206' title='bbox 752 3847 946 3910; x_wconf 90' lang='lat' dir='ltr'><strong>debet</strong></span> <span class='ocrx_word' id='word_1_207' title='bbox 976 3846 1091 3923; x_wconf 93' lang='lat' dir='ltr'><strong>qui</strong></span> <span class='ocrx_word' id='word_1_208' title='bbox 1121 3866 1376 3924; x_wconf 88' lang='lat' dir='ltr'><strong>semper</strong></span> <span class='ocrx_word' id='word_1_209' title='bbox 1407 3845 1666 3908; x_wconf 91' lang='lat' dir='ltr'><strong>mobilis</strong></span> <span class='ocrx_word' id='word_1_210' title='bbox 1696 3846 1909 3919; x_wconf 86' lang='lat' dir='ltr'><strong>extat)</strong></span> 
     </span>
    </p>

    <p class='ocr_par' dir='ltr' id='par_1_19' title="bbox 369 3954 2167 4034">
     <span class='ocr_line' id='line_1_31' title="bbox 369 3954 2167 4034; baseline -0.001 -16"><span class='ocrx_word' id='word_1_211' title='bbox 369 3977 486 4034; x_wconf 90' lang='lat' dir='ltr'><strong>per</strong></span> <span class='ocrx_word' id='word_1_212' title='bbox 518 3956 857 4034; x_wconf 83' lang='lat' dir='ltr'><strong>patefacta</strong></span> <span class='ocrx_word' id='word_1_213' title='bbox 888 3955 1075 4018; x_wconf 91' lang='lat' dir='ltr'><strong>uenit</strong></span> <span class='ocrx_word' id='word_1_214' title='bbox 1110 3962 1542 4033; x_wconf 89' lang='lat' dir='ltr'><strong>penetratque</strong></span> <span class='ocrx_word' id='word_1_215' title='bbox 1579 3954 1910 4017; x_wconf 84' lang='lat' dir='ltr'><strong>foramina</strong></span> <span class='ocrx_word' id='word_1_216' title='bbox 1941 3955 2167 4032; x_wconf 87' lang='lat' dir='ltr'><strong>largus</strong></span> 
     </span>
    </p>
   </div>
   <div class='ocr_carea' id='block_1_5' title="bbox 389 4089 1504 4256">
    <p class='ocr_par' dir='ltr' id='par_1_20' title="bbox 389 4089 1504 4256">
     <span class='ocr_line' id='line_1_32' title="bbox 389 4089 1244 4152; baseline -0.002 -14"><span class='ocrx_word' id='word_1_217' title='bbox 389 4090 490 4138; x_wconf 86' lang='grc'><strong>878</strong></span> <span class='ocrx_word' id='word_1_218' title='bbox 512 4103 761 4152; x_wconf 86' lang='lat' dir='ltr'><strong>vareque</strong></span> <span class='ocrx_word' id='word_1_219' title='bbox 829 4089 962 4150; x_wconf 78' lang='lat' dir='ltr'><strong>fort,</strong></span> <span class='ocrx_word' id='word_1_220' title='bbox 996 4102 1244 4151; x_wconf 88' lang='lat' dir='ltr'><strong>quareve</strong></span> 
     </span>
     <span class='ocr_line' id='line_1_33' title="bbox 1358 4206 1504 4256; baseline 0.007 -9"><span class='ocrx_word' id='word_1_221' title='bbox 1358 4206 1504 4256; x_wconf 88' lang='lat'>[149]</span> 
     </span>
    </p>
   </div>
  </div>
 </body>
</html>
