3182 4602
1167 357 1268 406 DE
1306 357 1568 406 RERVM
1607 357 1913 406 NATVRA
1960 357 2007 404 V

830 567 1444 632 QVEMADMODVM
1482 568 1803 619 FERRVM
1842 567 2259 618 INVENTVM
2297 566 2416 616 SIT

687 657 881 719 Nunc
916 656 1038 719 tibi
1075 677 1206 734 quo
1239 664 1435 736 pacto
1471 657 1639 718 ferri
1675 664 1918 720 natura
1953 662 2220 735 reperta

562 765 649 828 sit
685 764 942 828 facilest
979 766 1106 844 ipsi
1145 787 1262 844 per
1296 774 1362 830 te
1399 787 1801 845 cognoscere,
1840 765 2125 829 Memmi.

561 876 770 938 Arma
803 876 1078 953 antiqua
1111 897 1346 939 manus
1379 896 1635 953 ungues
1670 877 2025 952 dentesque
2060 875 2338 937 fuerunt

562 991 627 1048 et
658 985 914 1064 lapides
945 992 1010 1049 et
1042 986 1198 1049 item
1232 986 1554 1048 siluarum
1591 985 1928 1064 fragmina
1962 983 2148 1059 rami,

562 1101 628 1158 et
662 1095 923 1158 flamma
958 1102 1156 1172 atque
1193 1095 1393 1173 igneS‚
1432 1102 1780 1172 postquam
1816 1099 1972 1156 sunt
2009 1092 2271 1171 cognita
2308 1091 2619 1170 primum.
2745 1087 2881 1136 1285

563 1205 890 1282 posterius
926 1204 1093 1268 ferri
1133 1205 1234 1268 uis
1273 1212 1368 1268 est
1409 1204 1708 1281 aerisque
1747 1210 2032 1281 reperta.

564 1321 625 1376 et
660 1315 844 1391 prior
878 1315 1048 1377 aeris
1079 1322 1222 1377 erat
1256 1335 1453 1392 quam
1488 1313 1656 1375 ferri
1691 1313 1994 1391 cognitus
2023 1333 2201 1388 USUS‚

563 1444 693 1501 quo
727 1423 944 1487 facilis
978 1425 1188 1502 magis
1221 1432 1317 1488 est
1353 1431 1600 1487 natura
1634 1431 1696 1487 et
1732 1423 1923 1500 copia
1953 1421 2180 1484 maior.

563 1553 710 1596 aere
745 1535 953 1597 solum
987 1541 1202 1597 terrae
1237 1534 1637 1608 tractabant,
1676 1552 1951 1609 aereque
1985 1531 2141 1593 belli

563 1643 922 1706 miscebant
954 1644 1194 1706 fluctus
1229 1652 1291 1707 et
1327 1644 1610 1706 uulnera
1645 1649 1838 1705 uasta
1870 1642 2174 1704 serebant
2744 1635 2882 1684 1290

563 1759 628 1815 et
658 1773 858 1831 pecus
889 1760 1085 1830 atque
1119 1773 1310 1830 agros
1343 1753 1756 1827 adimebant;
1800 1751 1987 1827 (nam
2021 1749 2217 1812 facile
2251 1748 2396 1811 ollis

561 1863 780 1925 omnia
815 1863 1130 1925 cedebant
1168 1863 1440 1925 armatis
1474 1863 1658 1924 nuda
1693 1869 1756 1923 et
1792 1861 2107 1935 inerma).

559 1972 716 2034 inde
750 1972 1130 2035 minutatim
1166 1972 1480 2049 processit
1517 1971 1776 2034 ferreus
1811 1970 1983 2032 ensis

561 2102 882 2159 uersaque
915 2081 987 2143 in
1021 2081 1447 2160 obprobrium
1481 2081 1729 2158 species
1763 2087 1859 2142 est
1895 2079 2089 2142 falcis
2125 2080 2390 2156 ahenae,

561 2199 625 2255 et
656 2191 840 2254 ferro
867 2211 1133 2268 coepere
1163 2192 1373 2253 solum
1404 2190 1825 2268 proscindere
1853 2196 2071 2252 terrae
2747 2183 2885 2234 1295

563 2309 1053 2379 exaequataque
1091 2308 1248 2363 sunt
1287 2299 1541 2378 creperi
1582 2299 1944 2364 certamina
1981 2298 2157 2362 belli.

564 2420 626 2475 et
660 2412 848 2491 prius
881 2418 978 2473 est
1009 2418 1338 2474 armatum
1373 2410 1442 2472 in
1476 2410 1630 2487 equi
1660 2409 2090 2472 conscendere
2125 2415 2334 2471 costas

563 2528 627 2585 et
661 2522 1063 2584 moderarier
1097 2522 1273 2583 hunc
1307 2519 1520 2582 frenis
1553 2520 1917 2595 dextraque
1949 2518 2176 2595 uigere

562 2652 760 2709 quam
794 2631 1020 2708 biiugo
1054 2650 1256 2693 curru
1290 2630 1445 2691 belli
1478 2636 1805 2705 temptare
1841 2627 2107 2705 pericla.

564 2748 629 2804 et
658 2740 915 2818 biiugos
947 2740 1134 2817 prius
1168 2746 1263 2803 est
1299 2760 1495 2816 quam
1528 2738 1631 2800 bis
1663 2737 2059 2823 coniungere
2091 2736 2279 2798 binos
2747 2732 2883 2782 1300

565 2857 628 2912 et
668 2871 864 2928 quam
903 2848 1243 2912 falciferos
1281 2855 1611 2911 armatum
1651 2846 1992 2909 escendere
2034 2864 2288 2907 currus,

563 2960 718 3023 inde
749 2960 948 3022 boues
980 2960 1162 3021 lucas
1192 2958 1442 3021 turrito
1475 2976 1765 3033 corpore,
1802 2961 2027 3031 tetraS,

566 3069 1023 3147 anguimanuS‚
1060 3067 1215 3130 belli
1245 3068 1620 3147 *docuerunt
1654 3066 1930 3127 uolnera
1965 3064 2171 3126 Poeni

565 3179 841 3241 sufferre
874 3185 938 3241 et
971 3196 1245 3255 magnas
1276 3176 1514 3238 Martis
1547 3175 1819 3237 turbare
1855 3180 2175 3237 cateruas

481 3288 657 3351 —sic
692 3288 811 3351 alit
845 3307 924 3348 ex
957 3286 1087 3349 alio
1118 3285 1376 3364 peperit
1411 3284 1742 3347 discordia
1773 3283 2005 3359 tristiS,
2748 3280 2879 3329 1305

565 3397 880 3460 horribile
916 3396 1222 3458 humanis
1257 3396 1433 3472 quod
1468 3393 1775 3472 gentibus
1811 3398 1976 3455 esset
2012 3392 2082 3453 in
2118 3392 2338 3469 armis,

567 3508 764 3585 inque
803 3506 941 3567 dies
975 3505 1131 3568 belli
1167 3504 1533 3567 terroribus
1571 3502 1834 3565 addidit
1874 3522 2173 3579 augmen.

605 3617 1133 3692 —Temptarunt
1170 3613 1367 3677 etiam
1401 3620 1630 3675 tauros
1666 3611 1737 3672 in
1772 3630 2070 3673 moenere
2104 3610 2261 3673 belli

569 3726 950 3803 expertique
987 3743 1133 3786 sues
1167 3742 1394 3785 saeuos
1429 3727 1587 3783 sunt
1622 3720 1884 3783 mittere
1919 3720 1991 3781 in
2024 3718 2247 3782 hostis.

569 3842 632 3898 et
662 3834 921 3897 ualidos
950 3832 1198 3911 partim
1227 3852 1386 3909 prae
1417 3851 1483 3894 se
1513 3829 1746 3893 misere
1776 3830 1995 3892 leones
2748 3826 2876 3877 1310

557 3966 693 4017 1300
711 3965 907 4029 biiugo

1556 4130 1704 4182 [208]
