3182 4602
1155 394 1257 445 DE
1293 394 1558 444 RERVM
1594 393 1903 445 NATVRA
1950 394 2029 444 VI

565 610 724 672 haec
760 609 1021 673 faciunt
1056 610 1348 690 primum
1382 630 1630 690 paruas
1666 609 2017 673 consistere
2054 611 2296 686 nubes;

569 719 724 784 inde
759 741 836 784 ea
871 721 1354 798 comprendunt
1391 721 1566 784 inter
1602 741 1667 783 se
1705 740 1955 798 conque
1991 726 2357 798 gregantur

566 836 630 892 et
664 829 1124 908 coniungendo
1156 838 1459 894 crescunt
1493 831 1841 908 uentisque
1878 830 2195 893 feruntur

564 959 772 1017 usque
803 941 968 1004 adeo
993 942 1198 1005 donec
1227 947 1582 1021 tempestas
1613 961 1811 1005 saeua
1840 946 2143 1004 coortast.

563 1050 655 1127 fit
685 1069 942 1128 quoque
973 1050 1076 1114 uti
1104 1051 1347 1114 montis
1378 1051 1603 1115 uicina
1636 1051 1978 1114 cacumina
2010 1052 2188 1114 caelo

566 1180 763 1238 quam
793 1161 928 1224 sint
957 1181 1216 1239 quoque
1244 1161 1474 1239 magis,
1505 1168 1697 1224 tanto
1726 1161 1938 1238 magis
1964 1160 2144 1224 edita
2174 1160 2435 1223 fument

566 1270 841 1335 adsidue
872 1270 1104 1334 fuluae
1135 1271 1332 1335 nubis
1364 1271 1646 1350 caligine
1680 1291 1901 1334 crassa

564 1387 919 1460 propterea
951 1381 1126 1459 quia,
1162 1401 1312 1444 cum
1345 1381 1717 1444 consistunt
1749 1381 1980 1444 nubila
2015 1380 2323 1458 primum,

566 1497 718 1553 ante
750 1489 979 1554 uidere
1013 1490 1186 1554 oculi
1218 1512 1414 1569 quam
1447 1491 1703 1570 possint
1733 1490 1981 1568 tenuia,
2013 1490 2202 1554 uenti

565 1607 910 1679 portantes
941 1607 1186 1678 cogunt
1221 1603 1306 1664 ad
1341 1621 1597 1665 summa
1633 1601 1976 1664 cacumina
2010 1600 2271 1663 montis.

563 1711 670 1774 hic
702 1712 964 1774 demum
995 1710 1072 1774 fit
1100 1710 1204 1773 uti
1235 1713 1435 1775 turba
1464 1711 1710 1774 maiore
1743 1718 1966 1774 coorta

565 1827 630 1883 et
665 1822 992 1884 condensa
1028 1827 1273 1898 queant
1311 1841 1635 1899 apparere
1672 1827 1736 1885 et
1772 1820 1969 1883 simul
2004 1820 2147 1898 ipso

563 1930 811 1994 uertice
845 1931 926 1992 de
958 1930 1202 1993 montis
1235 1930 1597 1994 uideantur
1632 1950 1900 2008 surgere
1936 1930 2009 1992 in
2042 1931 2358 1992 aethram.

533 2039 718 2116 (nam
753 2041 894 2103 loca
929 2041 1224 2104 declarat
1255 2061 1517 2104 sursum
1549 2046 1829 2103 uentosa
1859 2046 2089 2119 patere

563 2170 668 2212 res
700 2150 845 2227 ipsa
877 2157 942 2213 et
973 2171 1218 2227 sensus,
1251 2151 1493 2213 montis
1526 2171 1675 2212 cum
1709 2149 2122 2212 ascendimus
2154 2149 2373 2223 altos.)

476 2267 908 2339 —-praeterea
937 2261 1270 2339 permulta
1300 2259 1468 2324 mari
1501 2280 1759 2338 quoque
1791 2259 2021 2323 tollere
2051 2265 2191 2322 toto

562 2391 840 2449 corpora
873 2377 1184 2434 naturam
1220 2372 1561 2433 declarant
1597 2370 1790 2433 litore
1824 2369 2029 2433 uestis

561 2501 932 2559 suspensae,
971 2500 1120 2543 cum
1153 2480 1536 2558 concipiunt
1569 2480 1819 2542 umoris
1853 2480 2229 2543 adhaesum.

563 2611 693 2668 quo
721 2589 931 2669 magis
963 2590 1048 2654 ad
1078 2589 1273 2653 nubis
1305 2591 1644 2667 augendas
1672 2590 1883 2652 multa
1911 2588 2235 2653 uidentur

563 2720 747 2777 posse
780 2720 1037 2777 quoque
1070 2720 1104 2763 6
1137 2700 1307 2762 salso
1338 2719 1732 2777 consurgere
1763 2699 2045 2762 momine
2079 2698 2303 2777 ponti3

531 2808 717 2885 (nam
751 2809 925 2872 ratio
956 2809 1504 2886 consanguineast
1537 2809 1877 2871 umoribus
1911 2808 2184 2884 omnis).

559 2925 906 2995 praeterea
937 2917 1162 2982 fluuiis
1193 2940 1274 2983 ex
1304 2917 1607 2981 omnibus
1638 2924 1703 2982 et
1735 2918 1933 2981 simul
1962 2917 2113 2998 ipsa

561 3048 829 3106 surgere
863 3028 942 3092 de
975 3034 1157 3091 terra
1190 3030 1464 3091 nebulas
1498 3034 1877 3105 aestumque
1912 3028 2235 3105 uidemUS‚

562 3157 728 3214 quae
759 3138 946 3200 uelut
978 3137 1179 3201 alitus
1209 3138 1364 3202 hinc
1397 3137 1493 3201 ita
1525 3157 1789 3201 sursum
1821 3157 2131 3217 expressa
2162 3136 2480 3202 feruntur

560 3247 1087 3325 suffunduntque
1120 3269 1240 3311 sua
1272 3250 1524 3311 caelum
1558 3247 1838 3324 caligine
1871 3253 1934 3308 et
1968 3248 2136 3311 altas

560 3356 893 3419 sufficiunt
925 3357 1122 3420 nubis
1156 3357 1481 3435 paulatim
1517 3357 2013 3433 conueniund03

530 3466 756 3543 (urget
790 3467 963 3529 enim
996 3488 1252 3544 quoque
1287 3467 1595 3544 signiferi
1630 3488 1830 3545 super
1865 3466 2147 3531 aetheris
2183 3474 2401 3530 aestus

561 3582 625 3638 et
659 3576 846 3653 quasi
880 3577 1212 3639 densendo
1245 3578 1534 3640 subtexit
1569 3578 1833 3640 caerula
1867 3576 2169 3653 nimbis).

475 3686 650 3762 —fit
684 3706 940 3763 quoque
972 3693 1049 3749 ut
1081 3687 1257 3749 hunc
1289 3687 1565 3750 ueniant
1600 3687 1671 3748 in
1706 3687 1957 3749 caelum
1991 3686 2398 3749 extrinsecus
2432 3686 2547 3749 illa

582 3818 684 3867 465
707 3817 840 3879 fort.
870 3817 948 3867 sic

582 3886 684 3935 475
705 3886 848 3947 υυῑρ.
881 3883 1005 3935 ollis

582 3954 684 4003 480
706 3954 840 4015 fort.
872 3952 1114 4003 efficiunt

581 4022 683 4070 483
705 4021 849 4081 vuly.
878 4021 982 4070 huc

1523 4175 1703 4226 .[230]

2786 608 2890 656 455

2785 1157 2887 1206 460

2782 1707 2885 1756 465

2780 2256 2881 2305 470

2777 2806 2880 2855 475

2773 3356 2871 3404 480
