3182 4602
1363 455 1422 504 T.
1462 455 1506 504 L
1519 455 1788 506 VCRETI
1824 455 2001 506 CARI

620 686 700 727 ex
731 666 935 742 adyto
964 673 1302 745 tamquam
1337 667 1552 731 cordis
1585 688 1899 746 responsa
1932 668 2171 732 dedere

619 775 914 838 sanctius
946 783 1010 839 et
1044 777 1255 839 multo
1287 785 1468 840 certa
1501 777 1757 841 ratione
1789 777 2001 854 magis
2034 798 2231 855 quam

621 885 866 961 Pythia
901 906 1067 963 quae
1097 886 1350 964 tripodi
1382 908 1423 950 a
1457 887 1702 950 Phoebi
1734 888 2053 965 lauroque
2087 886 2419 965 profatur,

620 994 970 1072 principiis
1001 1002 1224 1058 tamen
1257 996 1327 1057 in
1361 1016 1582 1059 rerum
1615 996 1829 1060 fecere
1862 997 2092 1059 ruinas
2838 994 2933 1043 740

619 1110 684 1166 et
715 1105 1013 1182 grauiter
1042 1105 1268 1183 magni
1297 1126 1538 1184 magno
1565 1105 1854 1169 cecidere
1887 1106 1979 1168 ibi
2009 1126 2198 1168 casu:

618 1214 910 1291 primum
945 1216 1120 1292 quod
1155 1222 1371 1279 motus
1404 1223 1707 1294 exempto
1740 1217 1934 1278 rebus
1970 1215 2155 1278 inani

619 1324 1034 1387 constituunt
1068 1332 1132 1388 et.
1167 1345 1270 1387 res
1304 1325 1517 1387 mollis
1551 1344 1866 1402 rarasque
1901 1325 2301 1402 relinquent,

586 1433 775 1509 (aera
809 1435 1006 1496 solem
1043 1434 1260 1512 ignem
1293 1440 1508 1497 terras
1545 1434 1858 1498 animalia
1894 1434 2145 1512 frugis)

618 1564 736 1606 nec
764 1550 986 1606 tamen
1016 1544 1376 1607 admiscent
1405 1544 1474 1605 in
1504 1564 1728 1608 eorum
1759 1564 2001 1622 corpus
2028 1544 2258 1621 inane;
2835 1543 2933 1591 745

619 1652 856 1715 deinde
891 1655 1064 1730 quod
1101 1654 1367 1715 omnino
1395 1654 1591 1715 finem
1626 1674 1759 1716 non
1794 1674 1927 1716 esse
1962 1653 2260 1716 secandis

618 1763 1004 1840 corporibus
1035 1762 1284 1826 facient
1317 1784 1528 1840 neque
1562 1784 1838 1841 pausam
1869 1771 2045 1826 stare
2080 1762 2337 1841 fragori

614 1893 733 1935 nec
766 1893 1074 1950 prorsum
1103 1873 1174 1934 in
1207 1874 1402 1936 rebus
1432 1873 1778 1935 minimum
1812 1873 2163 1936 consistere
2198 1873 2710 1950 qui<cquam>
2740 1899 2755 1950 ;

617 2003 766 2045 cum
799 1982 1143 2045 uideamus
1179 1982 1247 2044 id
1283 1989 1648 2047 extremum
1680 1983 1997 2060 cuiusque
2032 2003 2343 2046 cacumen

617 2112 751 2154 esse
783 2093 960 2169 quod
990 2092 1075 2154 ad
1105 2112 1336 2154 sensus
1364 2100 1624 2154 nostros
1650 2092 1995 2155 minimum
2027 2113 2162 2155 esse
2193 2092 2483 2169 uidetur,
2834 2092 2863 2140 '7
2902 2090 2931 2138 0

616 2201 911 2264 conicere
942 2208 1018 2264 ut
1051 2202 1258 2279 possis
1290 2223 1368 2265 ex
1398 2203 1537 2278 hoc,
1571 2222 1738 2279 quae
1770 2222 2035 2265 cernere
2067 2222 2200 2264 non
2233 2202 2379 2279 quis

614 2319 980 2375 extremum
1015 2314 1191 2390 quod
1226 2313 1488 2389 habent,
1527 2312 1876 2375 minimum
1910 2312 2261 2376 consistere
2308 2322 2672 2391 <posse>.

614 2423 743 2484 huc
777 2422 1028 2485 accedit
1063 2422 1239 2499 item,
1276 2423 1588 2499 quoniam
1621 2422 1988 2500 primordia
2023 2444 2245 2485 rerum

615 2531 840 2594 mollia
871 2532 1305 2609 constituunt,
1340 2552 1505 2609 quae
1539 2552 1660 2595 nos
1691 2532 1927 2595 natiua
1956 2532 2259 2594 uidemus

615 2660 749 2704 esse
782 2648 845 2705 et
877 2641 1142 2704 mortali
1173 2662 1321 2703 cum
1352 2662 1642 2719 corpore,
1677 2640 1988 2704 funditus
2020 2641 2214 2719 utqui
2830 2640 2929 2689 755

613 2752 846 2814 debeat
879 2752 960 2813 ad
992 2751 1276 2813 nihilum
1307 2752 1437 2814 iam
1468 2772 1691 2814 rerum
1722 2772 1977 2814 summa
2005 2752 2255 2815 reuerti
2903 2762 2907 2766 ’

616 2862 695 2924 de
729 2861 1064 2938 nihiloque
1097 2868 1330 2925 renata
1361 2861 1692 2939 uigescere
1726 2861 1914 2939 copia
1947 2881 2204 2937 rerum;

615 2991 896 3047 quorum
928 2978 1284 3048 utrumque
1319 2971 1479 3048 quid
1512 2993 1549 3033 a
1581 2991 1740 3034 uero
1774 2971 1905 3034 iam
1937 2971 2136 3034 distet
2169 2970 2455 3033 habebis.

611 3080 851 3144 deinde
883 3080 1150 3144 inimica
1181 3081 1392 3143 modis
1423 3081 1653 3143 multis
1685 3088 1840 3143 sunt
1873 3086 2070 3158 atque
2103 3090 2594 3153 uene<num>

614 3190 760 3268 ipsa
792 3190 918 3252 sibi
951 3190 1126 3252 inter
1161 3210 1260 3267 se3
1296 3211 1499 3267 quare
1535 3196 1652 3253 aut
1687 3210 2032 3268 congressa
2066 3190 2379 3268 peribunt
2827 3186 2925 3236 760

613 3307 730 3362 aut
761 3299 855 3363 ita
886 3299 1240 3377 diffugient
1270 3306 1347 3363 ut
1374 3307 1764 3378 tempestate
1796 3305 2021 3363 coacta

613 3409 903 3472 fulmina
933 3408 1255 3487 diffugere
1289 3416 1485 3486 atque
1520 3410 1751 3471 imbris
1781 3417 2141 3487 uentosque
2174 3409 2495 3471 uidemus,

651 3518 1038 3595 —Denique
1074 3525 1391 3595 quattuor
1428 3540 1507 3582 ex
1544 3520 1740 3582 rebus
1776 3518 1831 3580 si
1869 3526 2107 3582 cuncta
2143 3525 2456 3581 creantur

613 3635 810 3706 atque
842 3628 911 3689 in
943 3648 1049 3690 eas
1082 3648 1314 3690 rursus
1343 3648 1449 3690 res
1478 3628 1697 3691 omnia
1729 3628 2205 3705 dissoluuntur,

612 3738 727 3815 qui
759 3738 970 3815 magis
1000 3738 1115 3801 illa
1149 3745 1399 3815 queunt
1433 3759 1657 3801 rerum
1691 3738 2058 3815 primordia
2090 3737 2222 3799 dici
2825 3736 2922 3785 765

2868 2091 2898 2138 01

633 3871 734 3920 744
753 3870 897 3930 ναῖς.
931 3884 1112 3919 rorem

634 3939 733 3987 747
755 3937 898 3998 ναῖς.
933 3936 1150 3988 faciunt

632 4007 731 4056 752
753 4006 852 4055 alii
883 4005 995 4055 alia

634 4075 734 4123 759
755 4074 901 4135 may.
922 4087 1125 4123 veneno

1618 4241 1732 4293 [26]
