3182 4602
1221 379 1283 427 T.
1324 378 1651 430 LVGRETI
1690 378 1868 430 CARI

475 590 752 653 collibus
783 570 849 654 et
882 593 1130 670 campis
1164 600 1242 656 ut
1274 594 1611 670 haberent,
1649 600 1845 671 atque
1881 595 2172 656 olearum

475 701 739 763 caerula
776 700 1191 780 distinguens
1228 701 1403 766 inter
1441 703 1642 780 plaga
1678 723 1953 766 currere·
1980 709 2198 781 posset

476 829 595 887 per
624 811 914 873 tumulos
946 817 1010 874 et
1043 811 1362 874 conuallis
1394 832 1786 890 camposque
1819 811 2131 891 profusa3
2653 809 2790 858 1375

444 919 554 996 (ut
588 940 767 982 nunc
801 940 935 984 esse
969 920 1158 984 uides
1192 921 1383 984 uario
1417 920 1735 984 distincta
1768 923 1990 999 lepore

477 1029 714 1108 omnia,
751 1049 918 1108 quae
954 1031 1164 1108 pomis
1199 1029 1506 1094 intersita
1541 1031 1846 1094 dulcibus
1882 1037 2125 1094 ornant

476 1139 894 1217 arbustisque
926 1146 1158 1202 tenent
1192 1139 1499 1203 felicibus
1532 1141 1749 1218 opsita
1782 1141 2093 1217 circum).

601 1250 696 1312 At
729 1249 1017 1326 liquidas
1052 1249 1279 1312 auium
1310 1269 1502 1312 uoces
1534 1249 1861 1313 imitarier
1895 1271 2004 1314 ore

477 1365 630 1422 ante
660 1358 797 1421 fuit
826 1359 1048 1421 multo·
1065 1379 1263 1436 quam
1291 1359 1468 1422 leuia
1497 1359 1791 1422 carmina
1822 1366 2023 1422 cantu
2656 1357 2791 1406 1380

477 1469 928 1531 concelebrare
967 1468 1263 1531 homines
1302 1476 1567 1547 possent
1603 1469 1918 1547 aurisque
1958 1469 2211 1532 iuuare.

477 1583 542 1640 et
573 1577 866 1655 zephyri,
903 1598 1068 1641 caua
1101 1599 1220 1656 per
1254 1579 1674 1655 calamorum,
1710 1578 1903 1641 sibila
1936 1579 2225 1656 primum

478 1687 756 1765 agrestis
787 1688 1067 1750 docuere
1102 1707 1299 1750 cauas
1335 1688 1569 1750 inflare
1608 1688 1873 1750 cicutas

475 1795 632 1861 inde
663 1797 1046 1860 minutatim
1078 1798 1291 1860 dulcis
1322 1797 1611 1860 didicere
1644 1798 1986 1875 querellaS,

476 1905 644 1969 tibia
673 1927 836 1984 quas
865 1906 1098 1969 fundit
1129 1907 1358 1984 digitis
1388 1908 1655 1984 pulsata
1684 1913 2054 1984 canentum,
2656 1903 2792 1952 1385

479 2016 633 2079 auia
669 2036 788 2094 per
823 2037 1092 2081 nemora
1127 2037 1203 2079 ac
1237 2017 1440 2079 siluas
1477 2018 1813 2094 saltusque
1850 2023 2134 2094 reperta,

478 2146 598 2203 per
632 2126 774 2189 loca
808 2133 1150 2203 pastorum
1187 2127 1446 2189 deserta
1483 2133 1680 2203 atque
1718 2126 1854 2188 otia
1890 2126 2021 2188 dia.

451 2235 570 2313 [sic
605 2235 1133 2315 unumquicquid
1169 2236 1494 2314 paulatim
1529 2235 1865 2314 protrahit
1900 2243 2079 2300 aetas

478 2346 549 2406 in
580 2346 870 2408 medium
901 2346 1202 2424 ratioque
1234 2347 1304 2408 in
1335 2346 1605 2409 luminis
1638 2346 1812 2409 eruit
1846 2346 2019 2425 oras]

391 2440 637 2518 —haec
673 2456 924 2519 animos
958 2456 1105 2518 ollis
1136 2458 1512 2519 mulcebant
1547 2464 1745 2534 atque
1779 2456 2105 2531 iuuabant
2658 2451 2793 2501 1390

479 2585 628 2627 cum
660 2565 897 2629 satiate
930 2565 1092 2642 cibi3
1129 2586 1284 2628 nam
1317 2572 1462 2628 tum
1496 2572 1654 2628 sunt
1689 2566 1908 2628 omnia
1940 2566 2141 2629 cordi.

477 2695 672 2752 saepe
703 2675 927 2753 itaque
960 2675 1135 2739 inter
1165 2695 1233 2740 se
1265 2675 1585 2753 prostrati
1619 2674 1691 2736 in
1722 2674 2020 2753 gramine
2050 2674 2233 2737 molli

479 2791 755 2862 propter
786 2805 994 2863 aquae
1026 2784 1242 2847 riuom
1272 2786 1393 2847 sub
1425 2777 1630 2847 ramis
1661 2784 1915 2847 arboris
1947 2785 2119 2847 altae

477 2886 611 2956 non
644 2894 902 2972 magnis
936 2894 1171 2972 opibus
1204 2894 1492 2958 iucunde
1526 2914 1806 2971 corpora
1836 2895 2185 2970 habebant,

366 3030 370 3035 ’
479 3004 869 3082 praesertim
902 3024 1051 3067 cum
1084 3012 1437 3081 tempestas
1470 3004 1732 3066 ridebat
1762 3010 1827 3066 et
1859 3004 2020 3066 anni
2659 3001 2795 3050 1395

477 3121 778 3192 tempora
820 3114 1185 3192 pingebant
1224 3114 1584 3177 uiridantis
1625 3114 1896 3176 floribus
1938 3115 2192 3175 herbas

478 3228 624 3286 tum
655 3224 814 3300 ioca,
849 3231 993 3287 tum
1025 3202 1254 3300 serm0‚
1288 3230 1432 3286 tum
1467 3225 1689 3286 dulces
1724 3243 1856 3285 esse
1892 3223 2197 3286 cachinni

479 3341 875 3397 consuerant
922 3334 1232 3411 (agrestis
1267 3334 1441 3396 enim
1475 3340 1620 3396 tum
1654 3354 1841 3395 musa
1875 3334 2175 3411 uigebat)
2208 3360 2222 3410 ;

482 3448 625 3505 tum
661 3451 862 3521 caput
900 3450 1097 3521 atque
1134 3463 1392 3505 umeros
1428 3444 1639 3521 plexis
1674 3442 1984 3505 redimire
2023 3442 2279 3505 coronis

480 3553 754 3615 floribus
783 3560 846 3616 et
877 3552 1056 3615 foliis
1087 3552 1362 3616 lasciuia
1393 3554 1566 3615 laeta
1596 3554 1918 3628 monebat,
2659 3549 2795 3598 1400

481 3670 679 3740 atque
712 3670 901 3725 extra
934 3682 1282 3725 numerum
1314 3663 1666 3740 procedere
1699 3663 1989 3724 membra
2022 3668 2360 3724 mouentes

481 3772 741 3835 duriter
775 3779 838 3834 et
873 3773 1044 3834 duro
1073 3779 1322 3834 terram
1357 3772 1522 3849 pede
1557 3772 1801 3849 pellere
1834 3777 2145 3847 matrem3

480 3883 657 3944 unde
696 3881 1080 3944 oriebantur
1115 3880 1292 3942 risus
1328 3882 1679 3959 dulcesque
1719 3880 2041 3956 cachinni,

469 4014 606 4063 1386
627 4014 762 4075 fort.
794 4013 1004 4076 repleta

1473 4149 1620 4199 [211]
