3182 4602
1059 457 1161 506 DE
1198 455 1462 507 RERVM
1496 455 1806 507 NATVRA
1846 456 1880 507 I

419 671 715 750 liquidus
745 692 937 735 umor
968 678 1032 736 et
1064 673 1378 736 uberibus
1412 673 1572 736 flent
1607 672 1827 736 omnia
1859 671 2086 749 guttis.

421 781 704 859 dissipat
731 782 803 844 in
832 802 1075 862 corpus
1103 802 1238 846 sese
1269 783 1453 846 cibus
1484 802 1672 845 omne
1704 782 2137 846 animantum.

422 898 726 956 crescunt
755 895 1028 956 arbusta
1060 899 1127 957 et
1159 892 1338 956 fetus
1370 893 1443 954 in
1474 899 1769 971 tempore
1802 891 2123 969 fundunt,

393 1001 602 1079 (quod
637 1002 822 1065 cibus
853 1002 925 1064 in
960 1008 1134 1066 totas
1168 1023 1376 1079 usque
1412 1004 1494 1066 ab
1530 1002 1866 1065 radicibus
1901 1001 2050 1065 imis

423 1131 542 1190 per
572 1117 844 1175 truncos
874 1132 951 1176 ac
981 1132 1101 1191 per
1132 1133 1348 1176 ramos
1377 1112 1786 1176 diffunditur
1819 1112 2091 1189 omnis).

422 1221 598 1285 inter
633 1228 862 1300 saepta
893 1228 1117 1285 meant
1147 1243 1340 1285 uoces
1373 1228 1437 1285 et
1471 1222 1708 1285 clausa·
1728 1223 2068 1285 domorum

422 1331 920 1409 transuolitant,
961 1331 1254 1411 rigidum
1292 1338 1643 1411 permanat
1681 1331 1899 1410 frigus
1937 1332 2025 1396 ad
2062 1351 2222 1395 ossa.

341 1443 621 1520 —quod,
653 1440 784 1505 nisi
815 1442 1045 1506 inania
1075 1443 1228 1519 sint,
1264 1462 1395 1519 qua
1427 1449 1692 1520 possent
1727 1462 2003 1520 corpora
2036 1461 2332 1520 quaeque

422 1552 730 1629 transire,
762 1553 946 1615 haud
977 1553 1120 1616 ulla
1147 1552 1293 1615 fieri
1324 1553 1581 1616 ratione
1612 1552 1892 1616 uideres,

342 1662 709 1739 —denique
743 1683 862 1725 cur
897 1662 1062 1726 alias
1097 1662 1244 1726 aliis
1277 1669 1617 1740 praestare
1652 1662 1957 1725 uidemus

425 1773 716 1849 pondere
746 1793 850 1836 res
878 1773 1075 1835 rebus
1103 1772 1314 1835 nihilo
1343 1772 1588 1836 maiore
1619 1772 1877 1850 figura?

425 1902 579 1945 nam
608 1881 664 1944 si
692 1883 1154 1945 tantundemst
1182 1883 1475 1946 in·lanae
1506 1883 1790 1960 glomere
1822 1888 2146 1959 quantum

427 1991 724 2070 corporis
749 1992 818 2054 in
847 1992 1119 2070 plumbo
1146 1998 1261 2069 est,
1291 1993 1688 2056 tantundem
1718 1993 2006 2070 pendere
2038 2013 2162 2070 par
2192 1997 2308 2068 est,

428 2101 722 2179 corporis
755 2093 1036 2167 officium
1069 2108 1166 2165 est
1199 2102 1512 2179 quoniam
1541 2122 1838 2179 premere
1870 2101 2091 2165 omnia
2122 2101 2447 2177 deorsum,

428 2219 658 2275 contra
693 2218 913 2275 autem
946 2219 1193 2275 natura
1225 2219 1446 2275 manet
1480 2212 1621 2274 sine
1655 2213 1946 2290 pondere
1980 2211 2216 2275 inaniS.

431 2342 586 2400 ergo
614 2323 791 2400 quod
822 2344 1136 2401 magnum
1170 2328 1267 2385 est
1302 2342 1504 2400 aeque
1538 2322 1882 2401 leuiusque
1914 2322 2205 2400 uidetur,

427 2432 743 2495 nimirum
771 2433 926 2511 plus
953 2452 1087 2497 esse
1116 2432 1240 2495 sibi
1270 2433 1566 2496 declarat
1591 2432 1846 2509 inanis;

430 2548 498 2605 at
527 2548 761 2606 contra
788 2542 1062 2620 grauius
1091 2542 1245 2620 plus
1274 2542 1344 2604 in
1372 2562 1439 2607 se
1469 2541 1765 2621 corporis
1793 2562 1928 2607 esse

430 2651 694 2715 dedicat
727 2657 791 2716 et
824 2653 1037 2716 multo
1066 2652 1266 2715 uacui
1299 2652 1517 2715 minus
1553 2652 1736 2715 intus
1769 2653 2028 2715 habere.

347 2769 525 2825 —est
556 2760 767 2839 igitur
797 2762 1114 2825 nimirum
1146 2762 1212 2824 id
1249 2763 1425 2839 quod
1456 2761 1713 2825 ratione
1745 2760 1962 2839 sagaci

430 2871 826 2949 quaerimuS,
863 2871 1230 2935 admixtum
1265 2873 1477 2948 rebuS,
1517 2872 1694 2948 quod
1728 2871 1925 2935 inane
1959 2891 2288 2935 necamus,

1060 3062 1162 3113 DE
1202 3062 1546 3113 PISCIBVS
1585 3063 1675 3113 IN
1715 3062 1925 3127 AQVA

556 3150 739 3214 Illud
770 3151 841 3212 in
871 3151 975 3214 his
1006 3152 1219 3227 rebuS,
1237 3173 1335 3215 ne
1365 3158 1430 3215 te
1462 3153 1786 3215 deducere
1817 3172 1980 3249 uero

433 3260 639 3338 possit
673 3262 847 3338 quod
881 3260 1150 3338 quidam
1182 3261 1465 3339 fingunt,
1501 3281 1931 3339 praecurrere
1966 3281 2178 3339 cogor.

434 3371 659 3434 cedere
692 3370 1124 3448 squamigeris
1155 3370 1384 3433 latices
1412 3370 1782 3434 nitentibus
1816 3371 2006 3433 aiunt

435 3487 496 3543 et
528 3480 821 3557 liquidas
850 3480 1109 3558 aperire
1139 3480 1304 3557 uias,
1338 3479 1494 3557 quia
1528 3488 1675 3559 post
1708 3481 1849 3544 loca
1883 3480 2093 3558 pisces

434 3589 760 3667 linquant,
796 3610 928 3667 quo
957 3589 1212 3669 possint
1245 3591 1548 3653 cedentes
1579 3590 1906 3653 confluere
1939 3589 2193 3667 undae3

434 3699 525 3762 sic
559 3698 726 3763 alias
756 3719 1012 3777 quoque
1046 3720 1150 3762 res
1182 3699 1359 3763 inter
1391 3719 1456 3762 se
1490 3720 1675 3778 posse
1710 3699 1960 3763 moueri

435 3817 498 3873 et
530 3816 790 3873 mutare
819 3810 1054 3886 locum,
1086 3808 1390 3887 quamuis
1423 3809 1557 3872 sint
1590 3810 1808 3873 omnia
1842 3810 2056 3888 plena.

353 3920 680 3983 —scilicet
714 3919 783 3981 id
819 3918 991 3983 falsa
1021 3925 1237 3982 totum
1269 3918 1525 3982 ratione
1556 3925 1979 3997 receptumst.

353 4049 588 4119 ——otam
618 4049 749 4107 quo
777 4028 1178 4107 squamigeri
1207 4034 1525 4107 poterunt
1555 4029 1907 4106 procedere
1939 4029 2226 4105 tandem,

434 4138 504 4200 ni
538 4138 830 4216 spatium
862 4138 1168 4201 dederint
1202 4137 1471 4201 latices?
1505 4138 1856 4201 concedere
1891 4157 2090 4215 porro

1452 4244 1568 4296 [13]

2635 777 2737 827 350

2635 1328 2740 1379 355

2638 1879 2741 1930 360

2639 2429 2744 2479 365

2642 3146 2743 3197 370

2643 3694 2747 3744 375
