3182 4602
1143 414 1246 463 DE
1281 414 1548 473 RERVM
1581 413 1891 463 NATVRA
1932 412 2033 463 III

555 627 627 689 ni
658 628 835 690 calor
865 648 940 691 ac
970 634 1216 691 uentus
1243 648 1531 692 seorsum
1563 648 1985 707 seorsumque
2018 636 2307 707 potestas

556 736 725 800 aeris
759 737 1157 801 interemant
1187 758 1449 801 sensum
1483 738 1885 816 diductaque
1918 739 2200 802 soluant.

1175 844 1276 894 DE
1327 844 1768 894 VARIETATE
1812 844 2056 894 ANIMI

469 940 652 995 —est
687 932 885 996 etiam
920 934 1097 996 calor
1131 933 1242 997 ille
1276 933 1496 996 animo
1529 954 1722 1011 quem
1753 934 1957 997 sumit
1992 934 2061 995 in
2097 934 2199 997 ira

555 1063 703 1105 cum
735 1041 1049 1105 feruescit
1080 1050 1144 1106 et
1174 1064 1252 1106 ex
1282 1042 1488 1106 oculis
1513 1043 1713 1106 micat
1744 1043 2007 1107 acribus
2036 1044 2253 1107 ardor.

557 1159 652 1215 est
685 1159 749 1214 et
783 1151 1035 1231 frigida
1066 1154 1295 1229 multa,
1330 1173 1538 1216 comes
1571 1152 1971 1230 formidiniS,
2007 1173 2171 1216 aura

555 1282 722 1339 quae
758 1262 884 1325 ciet
917 1263 1255 1325 horrorem
1289 1263 1599 1325 membris
1631 1270 1696 1326 et
1729 1263 2016 1326 concitat
2052 1270 2256 1326 artus,

554 1378 652 1434 est
684 1370 883 1434 etiam
917 1392 1173 1449 quoque
1206 1372 1428 1450 pacati
1461 1380 1675 1436 status
1710 1372 1879 1435 aeris
1914 1372 2043 1449 ille,

553 1489 816 1559 pectore
846 1482 1211 1560 tranquillo
1237 1482 1314 1544 fit
1343 1482 1458 1561 qui
1489 1483 1807 1560 uoltuque
1836 1502 2083 1545 sereno.

553 1591 666 1652 sed
699 1591 899 1653 calidi
930 1592 1085 1670 plus
1113 1599 1210 1655 est
1240 1591 1372 1654 illis
1404 1592 1645 1670 quibus
1678 1592 1858 1656 acria
1889 1593 2089 1655 corda

554 1700 1004 1779 iracundaque
1037 1721 1218 1763 mens
1253 1701 1450 1765 facile
1484 1702 1854 1765 efferuescit
1888 1702 1959 1764 in
1992 1702 2111 1764 ira.

521 1810 687 1887 (quo
717 1831 951 1888 genere
982 1811 1052 1872 in
1084 1811 1318 1889 primis
1349 1811 1453 1874 uis
1485 1818 1582 1874 est
1614 1811 1909 1875 uiolenta
1938 1812 2219 1888 leonum,

553 1927 822 1997 pectora
855 1919 970 1999 qui
1005 1920 1281 1984 fremitu
1315 1929 1639 1999 rumpunt
1675 1922 2062 1999 plerumque
2096 1926 2427 1998 gementes

552 2049 670 2091 nec
704 2050 937 2108 capere
973 2030 1225 2093 irarum
1260 2030 1500 2094 fluctus
1534 2031 1605 2091 in
1639 2036 1900 2108 pectore
1936 2031 2265 2109 possunt.)

551 2146 621 2201 at
653 2147 929 2203 uentosa
958 2139 1169 2217 magis
1200 2161 1546 2204 ceruorum
1580 2140 1835 2217 frigida
1866 2161 2048 2203 mens
2080 2146 2177 2203 est

550 2255 616 2312 et
647 2250 899 2327 gelidas
929 2250 1129 2313 citius
1158 2271 1279 2329 per
1309 2250 1565 2314 uiscera
1597 2250 1884 2314 concitat
1916 2270 2113 2315 auras

550 2380 717 2437 quae
749 2361 1105 2424 tremulum
1137 2360 1398 2424 faciunt
1428 2360 1736 2424 membris
1767 2361 2044 2424 existere
2076 2368 2345 2424 motum.

549 2477 619 2532 at
653 2478 900 2534 natura
931 2472 1127 2534 boum
1160 2471 1425 2549 placido
1453 2471 1664 2548 magis
1697 2491 1844 2534 aere
1879 2471 2075 2547 uiuit,

549 2600 667 2642 nec
695 2580 891 2642 nimis
920 2581 1047 2643 irai
1075 2580 1193 2643 fax
1220 2601 1534 2658 umquam
1561 2581 1830 2645 subdita
1858 2582 2070 2659 percit

549 2689 827 2766 fumida,
861 2690 1250 2754 suffundens
1282 2711 1506 2753 caecae
1537 2690 1840 2768 caliginis
1871 2693 2124 2768 umbra,

548 2820 666 2862 nec
702 2799 938 2877 gelidis
970 2808 1191 2878 torpet
1226 2800 1376 2864 telis
1412 2800 1667 2878 perfixa
1700 2801 2003 2879 pauoris:

547 2909 1039 2987 interutrasque
1073 2910 1265 2974 sitast
1299 2931 1526 2974 ceruos
1557 2927 1914 2989 saeuosque
1946 2913 2180 2974 leones.

461 3018 639 3081 —sic
671 3019 1009 3083 hominum
1043 3041 1253 3097 genus
1284 3027 1398 3084 est.
1477 3021 1782 3099 quamuis
1815 3021 2118 3084 doctrina
2150 3021 2391 3100 politos

547 3129 906 3192 constituat
935 3131 1193 3208 pariter
1225 3133 1540 3209 quosdam
1572 3139 1794 3194 tamen
1826 3131 1945 3194 illa
1973 3131 2293 3209 relinquit

544 3245 826 3302 naturae
864 3240 1178 3318 cuiusque
1217 3242 1421 3304 animi
1459 3241 1743 3318 uestigia
1782 3241 2017 3320 prima.

546 3367 664 3410 nec
696 3349 1018 3412 radicitus
1051 3351 1245 3414 euelli
1277 3352 1452 3414 mala
1483 3371 1669 3429 posse
1701 3352 2158 3429 putandumst,

546 3457 710 3535 quin
745 3459 1110 3535 procliuius
1141 3460 1248 3522 hic
1283 3460 1419 3522 iras
1450 3461 1762 3524 decurrat
1799 3461 1882 3523 ad
1922 3460 2109 3537 acriS,

546 3567 656 3628 ille
690 3574 871 3631 metu
905 3567 1101 3632 citius
1135 3570 1335 3647 paulo
1369 3577 1753 3648 temptetur,
1791 3578 1859 3633 at
1896 3570 2007 3634 ille

542 3676 786 3740 tertius
815 3677 1097 3755 accipiat
1128 3680 1451 3756 quaedam
1481 3679 1865 3742 clementius
1896 3700 2121 3758 aequo,

541 3786 743 3864 inque
777 3787 924 3850 aliis
954 3789 1150 3851 rebus
1177 3789 1406 3852 multis
1435 3788 1706 3850 differre
1737 3797 2055 3852 necessest

568 3919 669 3967 289
691 3918 878 3968 acrius

566 3987 667 4035 293
687 3987 834 4047 vulg.
866 3987 960 4051 qui
988 3988 1051 4038 fit

566 4055 669 4102 304
690 4055 945 4105 umbram

566 4123 669 4172 306
691 4123 825 4184 fort.
857 4122 938 4173 ita
965 4128 1091 4174 sunt
1553 4193 1667 4246 [90]

2768 1150 2861 1199 290

2766 1698 2863 1747 295

2766 2247 2863 2297 300

2763 2799 2861 2848 305

2759 3347 2856 3396 310
