3182 4602
1198 449 1258 498 T.
1301 449 1542 500 LVGRE
1549 449 1627 498 TI
1668 448 1846 499 CARI

449 666 677 730 subter
711 665 868 729 item
900 672 977 729 ut
1010 685 1253 743 supera
1283 664 1574 728 uentosis
1608 665 1903 742 undique
1938 665 2201 743 plenam

450 776 784 855 speluncis
815 777 1186 853 multosque
1222 777 1404 838 lacus
1439 777 1813 853 multasque
1849 776 2127 838 lucunas

450 887 521 948 in
553 887 802 965 gremio
833 906 1058 964 gerere
1091 893 1156 948 et
1188 905 1389 964 rupes
1423 887 1838 963 deruptaque
1870 905 2063 962 saxa3

449 998 788 1074 multaque
821 998 943 1059 sub
977 1003 1167 1074 tergo
1197 995 1406 1059 terrai
1439 995 1717 1058 flumina
1748 1002 1924 1059 tecta
2038 993 2045 1000 ’
2661 991 2763 1040 540

448 1107 717 1169 uoluere
751 1106 824 1168 ui
859 1106 1102 1168 fluctus
1135 1125 1622 1182 summersaque
1658 1126 1818 1168 saxa
1855 1106 2327 1182 putandumst3

449 1216 744 1293 undique
774 1215 948 1278 enim
979 1215 1255 1278 similem
1285 1235 1420 1279 esse
1447 1215 1551 1278 sui
1581 1235 1685 1278 res
1714 1215 2008 1292 postulat
2039 1213 2203 1292 ipsa.

447 1326 552 1388 his
585 1325 797 1404 igitur
830 1325 1025 1388 rebus
1059 1324 1428 1388 subiunctis
1462 1323 1952 1403 suppositisque
2046 1369 2051 1372 -

343 1463 349 1468 ·
447 1442 632 1499 terra
659 1455 945 1513 superne
976 1435 1202 1499 tremit
1236 1434 1492 1512 magnis
1524 1454 1839 1497 concussa
1870 1433 2103 1510 ruinis,

449 1547 676 1608 subter
705 1545 822 1608 ubi
854 1545 1144 1622 ingentis
1177 1546 1523 1623 speluncas
1556 1543 1821 1606 subruit
1856 1549 2069 1621 aetas3
2656 1541 2763 1590 545
2836 1543 2839 1546 ⁴

449 1655 697 1733 quippe
728 1656 976 1719 cadunt
1006 1654 1131 1718 toti
1160 1661 1414 1718 montes
1441 1675 1809 1731 magnoque
1838 1648 2110 1732 repente

447 1785 765 1828 concussu
797 1766 929 1829 late
963 1765 1346 1843 disserpunt
1379 1765 1535 1828 inde
1570 1771 1903 1827 tremores

362 1882 512 1938 —et
543 1875 797 1953 merito,
832 1875 1143 1953 quoniam
1177 1875 1495 1953 plaustris
1529 1895 1842 1938 concussa
1871 1881 2274 1938 tremescunt

446 1992 622 2049 tecta
655 1985 836 2048 uiam
870 1992 1164 2064 propter,
1201 2005 1335 2048 non
1368 2004 1607 2062 magno
1643 1985 1951 2062 pondere,
1988 1989 2149 2061 tota,

444 2115 563 2158 nec
597 2095 816 2158 minus
852 2096 1155 2159 exultant
1195 2095 1582 2173 †esdupuis†
1624 2114 1901 2171 cumque
1936 2093 2074 2157 uiai
2657 2091 2761 2141 550

447 2205 734 2268 ferratos
765 2205 1100 2283 utrimque
1134 2212 1432 2268 rotarum
1463 2204 1751 2268 succutit
1786 2195 1989 2267 orbes,

445 2316 536 2393 fit
569 2336 846 2394 quoque,
880 2316 995 2379 ubi
1028 2315 1102 2378 in
1135 2336 1408 2393 magnas
1443 2335 1651 2393 aquae
1684 2322 2038 2392 uastasque
2071 2317 2352 2379 lucunas

446 2427 636 2503 gleba
666 2433 999 2490 uetustate
1033 2446 1066 2488 e
1097 2433 1280 2490 terra
1313 2426 1739 2505 prouoluitur
1774 2414 2024 2503 ingens,

445 2541 522 2599 ut
551 2536 835 2599 iactetur
866 2557 1074 2613 aquae
1104 2537 1312 2599 fluctu
1342 2556 1601 2613 quoque
1631 2543 1813 2599 terra
1842 2536 2199 2613 uacillans3

414 2645 524 2721 (ut
553 2666 674 2708 uas
705 2646 1200 2717 inter<dum>
1240 2666 1374 2708 non
1407 2646 1552 2723 quit
1585 2652 1905 2722 constare,
1938 2645 2069 2709 nisi
2101 2666 2291 2709 umor
2427 2718 2432 2723 ,
2657 2643 2760 2693 555

445 2756 704 2818 destitit
733 2756 805 2818 in
839 2756 1038 2819 dubio
1075 2756 1283 2819 fluctu
1316 2756 1627 2819 iactarier
1662 2756 1906 2832 intus).

571 2866 926 2929 Praeterea
956 2873 1198 2929 uentus
1231 2887 1379 2929 cum
1413 2887 1532 2944 per
1564 2868 1706 2930 loca
1739 2868 2031 2930 subcaua
2059 2873 2276 2930 terrae

445 2976 753 3038 collectus
787 2983 978 3053 parte
1012 2998 1091 3039 ex
1122 2998 1258 3040 una
1292 2958 1666 3054 procumbit
1700 2984 1763 3040 et
1797 2983 1992 3054 urget

444 3085 723 3147 obnixus
754 3085 1013 3163 magnis
1043 3087 1390 3164 speluncas
1422 3086 1681 3149 uiribus
1715 3087 1902 3163 altaS‚

444 3193 766 3257 incumbit
798 3196 996 3259 tellus
1030 3216 1158 3273 quo
1189 3196 1376 3260 uenti
1411 3216 1623 3274 prona
1657 3197 1899 3274 premit
1932 3196 2055 3259 uis,
2654 3194 2757 3245 560

445 3308 586 3383 tum
617 3325 859 3383 supera
891 3312 1140 3369 terram
1173 3326 1339 3383 quae
1373 3312 1530 3369 sunt
1561 3311 1867 3370 extructa
1902 3308 2243 3370 domorum

445 3416 529 3477 ad
565 3416 945 3492 caelumque
979 3415 1190 3493 magis
1221 3423 1474 3493 quanto
1505 3423 1663 3480 sunt
1698 3416 1877 3480 edita
1914 3438 2227 3494 quaeque,

443 3523 763 3587 inclinata
791 3524 1045 3588 minent
1076 3525 1146 3587 in
1179 3526 1451 3588 eandem
1484 3526 1752 3604 prodita
1783 3533 2040 3604 partem

445 3640 950 3711 protractaeque
981 3636 1202 3698 trabes
1237 3635 1604 3713 inpendent
1640 3636 1736 3699 ire
1772 3642 2064 3713 paratae.

358 3750 508 3806 -et
540 3749 846 3806 metuunt
877 3744 1101 3823 magni
1133 3752 1444 3807 naturam
1475 3746 1740 3808 credere
1771 3745 2006 3808 mundi
2653 3744 2759 3794 565

444 3853 707 3917 exitiale
743 3853 1010 3930 aliquod
1042 3861 1304 3932 tempus
1338 3856 1718 3933 clademque
1750 3876 2033 3932 manere,

465 3985 564 4033 541
587 4000 964 4036 summerosca
1032 3986 1165 4047 fort.
1199 4001 1258 4036 se
1291 4001 1462 4051 supra
1492 4002 1633 4037 saxa

464 4053 566 4102 550
588 4053 722 4114 fort.
753 4068 816 4103 ea
847 4067 968 4103 cum
996 4053 1080 4104 uis

465 4120 567 4169 555
588 4121 722 4183 fort.
755 4122 1039 4185 integrum

1435 4216 1582 4269 [233]
