<?xml version="1.0" encoding="UTF-8"?>
<!DOCTYPE html PUBLIC "-//W3C//DTD XHTML 1.0 Transitional//EN"
    "http://www.w3.org/TR/xhtml1/DTD/xhtml1-transitional.dtd">
<html xmlns="http://www.w3.org/1999/xhtml" xml:lang="en" lang="en">
 <head>
  <title>
</title>
<meta http-equiv="Content-Type" content="text/html;charset=utf-8" />
  <meta name='ocr-system' content='tesseract 3.04.00' />
  <meta name='ocr-capabilities' content='ocr_page ocr_carea ocr_par ocr_line ocrx_word'/>
</head>
<body>
  <div class='ocr_page' id='page_1' title='image "./lvcretiderervmn00unkngoog_0088.png"; bbox 0 0 3182 4602; ppageno 0'>
   <div class='ocr_carea' id='block_1_1' title="bbox 1117 470 1757 537">
    <p class='ocr_par' dir='ltr' id='par_1_1' title="bbox 1117 470 1757 537">
     <span class='ocr_line' id='line_1_1' title="bbox 1117 470 1757 537; baseline -0.003 -1"><span class='ocrx_word' id='word_1_1' title='bbox 1117 487 1178 536; x_wconf 77' lang='lat' dir='ltr'>r.</span> <span class='ocrx_word' id='word_1_2' title='bbox 1216 470 1542 537; x_wconf 69' lang='lat' dir='ltr'><strong><em>LVCRETI</em></strong></span> <span class='ocrx_word' id='word_1_3' title='bbox 1577 485 1757 537; x_wconf 77' lang='lat' dir='ltr'><strong><em>CARI</em></strong></span> 
     </span>
    </p>
   </div>
   <div class='ocr_carea' id='block_1_2' title="bbox 296 700 2209 1984">
    <p class='ocr_par' dir='ltr' id='par_1_2' title="bbox 296 700 2209 1546">
     <span class='ocr_line' id='line_1_2' title="bbox 376 700 2085 781; baseline 0 -17"><span class='ocrx_word' id='word_1_4' title='bbox 376 707 439 764; x_wconf 91' lang='lat' dir='ltr'>et</span> <span class='ocrx_word' id='word_1_5' title='bbox 471 700 596 762; x_wconf 83' lang='lat' dir='ltr'>sibi</span> <span class='ocrx_word' id='word_1_6' title='bbox 630 721 956 780; x_wconf 92' lang='lat' dir='ltr'>proporro</span> <span class='ocrx_word' id='word_1_7' title='bbox 986 722 1154 779; x_wconf 89' lang='lat' dir='ltr'>quae</span> <span class='ocrx_word' id='word_1_8' title='bbox 1187 701 1321 764; x_wconf 88' lang='lat' dir='ltr'>sint</span> <span class='ocrx_word' id='word_1_9' title='bbox 1354 701 1723 781; x_wconf 86' lang='lat' dir='ltr'>primordia</span> <span class='ocrx_word' id='word_1_10' title='bbox 1754 707 2085 778; x_wconf 86' lang='lat' dir='ltr'>quaerunt</span> 
     </span>
     <span class='ocr_line' id='line_1_3' title="bbox 347 810 2060 888; baseline 0.001 -15"><span class='ocrx_word' id='word_1_11' title='bbox 347 810 910 888; x_wconf 91' lang='lat' dir='ltr'>(quandoquidem</span> <span class='ocrx_word' id='word_1_12' title='bbox 938 811 1096 874; x_wconf 90' lang='lat' dir='ltr'>totis</span> <span class='ocrx_word' id='word_1_13' title='bbox 1123 811 1515 874; x_wconf 84' lang='lat' dir='ltr'>mortalibus</span> <span class='ocrx_word' id='word_1_14' title='bbox 1545 810 1944 874; x_wconf 88' lang='lat' dir='ltr'>adsimulata</span> <span class='ocrx_word' id='word_1_15' title='bbox 2054 819 2060 823; x_wconf 83' lang='lat'>&#39;</span> 
     </span>
     <span class='ocr_line' id='line_1_4' title="bbox 376 917 2093 998; baseline 0.002 -19"><span class='ocrx_word' id='word_1_16' title='bbox 376 919 523 997; x_wconf 86' lang='lat' dir='ltr'>ipsa</span> <span class='ocrx_word' id='word_1_17' title='bbox 551 940 808 998; x_wconf 91' lang='lat' dir='ltr'>quoque</span> <span class='ocrx_word' id='word_1_18' title='bbox 842 941 922 984; x_wconf 87' lang='lat' dir='ltr'>ex</span> <span class='ocrx_word' id='word_1_19' title='bbox 953 921 1103 983; x_wconf 92' lang='lat' dir='ltr'>aliis</span> <span class='ocrx_word' id='word_1_20' title='bbox 1134 922 1372 984; x_wconf 89' lang='lat' dir='ltr'>debent</span> <span class='ocrx_word' id='word_1_21' title='bbox 1406 919 1706 984; x_wconf 87' lang='lat' dir='ltr'>constare</span> <span class='ocrx_word' id='word_1_22' title='bbox 1739 917 2093 996; x_wconf 78' lang='lat' dir='ltr'>elementiS,</span> 
     </span>
     <span class='ocr_line' id='line_1_5' title="bbox 376 1026 2135 1108; baseline 0.002 -20"><span class='ocrx_word' id='word_1_23' title='bbox 376 1028 528 1092; x_wconf 89' lang='lat' dir='ltr'>inde</span> <span class='ocrx_word' id='word_1_24' title='bbox 562 1029 692 1092; x_wconf 92' lang='lat' dir='ltr'>alia</span> <span class='ocrx_word' id='word_1_25' title='bbox 726 1050 807 1093; x_wconf 86' lang='lat' dir='ltr'>ex</span> <span class='ocrx_word' id='word_1_26' title='bbox 837 1029 1003 1107; x_wconf 90' lang='lat' dir='ltr'>aliis,</span> <span class='ocrx_word' id='word_1_27' title='bbox 1038 1051 1364 1108; x_wconf 82' lang='lat' dir='ltr'><strong>nusquam</strong></span> <span class='ocrx_word' id='word_1_28' title='bbox 1398 1026 1751 1094; x_wconf 78' lang='lat' dir='ltr'>consistere</span> <span class='ocrx_word' id='word_1_29' title='bbox 1784 1036 1862 1092; x_wconf 91' lang='lat' dir='ltr'>ut</span> <span class='ocrx_word' id='word_1_30' title='bbox 1897 1027 2135 1105; x_wconf 57' lang='lat' dir='ltr'>ausis).</span> 
     </span>
     <span class='ocr_line' id='line_1_6' title="bbox 296 1137 2209 1218; baseline 0.001 -17"><span class='ocrx_word' id='word_1_31' title='bbox 296 1139 622 1218; x_wconf 89' lang='lat' dir='ltr'>—quippe</span> <span class='ocrx_word' id='word_1_32' title='bbox 655 1160 913 1217; x_wconf 89' lang='lat' dir='ltr'>sequar,</span> <span class='ocrx_word' id='word_1_33' title='bbox 948 1137 1403 1218; x_wconf 84' lang='lat' dir='ltr'>quodcumque</span> <span class='ocrx_word' id='word_1_34' title='bbox 1437 1140 1619 1218; x_wconf 90' lang='lat' dir='ltr'>loqui</span> <span class='ocrx_word' id='word_1_35' title='bbox 1653 1139 1999 1217; x_wconf 89' lang='lat' dir='ltr'>ridereque</span> <span class='ocrx_word' id='word_1_36' title='bbox 2034 1138 2209 1202; x_wconf 89' lang='lat' dir='ltr'>dices</span> 
     </span>
     <span class='ocr_line' id='line_1_7' title="bbox 376 1249 2129 1328; baseline -0.001 -17"><span class='ocrx_word' id='word_1_37' title='bbox 376 1256 439 1311; x_wconf 94' lang='lat' dir='ltr'>et</span> <span class='ocrx_word' id='word_1_38' title='bbox 469 1269 718 1328; x_wconf 89' lang='lat' dir='ltr'>sapere,</span> <span class='ocrx_word' id='word_1_39' title='bbox 751 1270 832 1312; x_wconf 87' lang='lat' dir='ltr'>ex</span> <span class='ocrx_word' id='word_1_40' title='bbox 861 1249 1011 1312; x_wconf 89' lang='lat' dir='ltr'>aliis</span> <span class='ocrx_word' id='word_1_41' title='bbox 1038 1250 1265 1312; x_wconf 90' lang='lat' dir='ltr'>eadem</span> <span class='ocrx_word' id='word_1_42' title='bbox 1293 1250 1452 1312; x_wconf 87' lang='lat' dir='ltr'>haec</span> <span class='ocrx_word' id='word_1_43' title='bbox 1483 1249 1885 1312; x_wconf 83' lang='lat' dir='ltr'>facientibus</span> <span class='ocrx_word' id='word_1_44' title='bbox 1915 1256 1994 1312; x_wconf 89' lang='lat' dir='ltr'>ut</span> <span class='ocrx_word' id='word_1_45' title='bbox 2024 1249 2129 1311; x_wconf 87' lang='lat' dir='ltr'>sit.</span> 
     </span>
     <span class='ocr_line' id='line_1_8' title="bbox 377 1357 2117 1436; baseline 0.001 -16"><span class='ocrx_word' id='word_1_46' title='bbox 377 1359 550 1436; x_wconf 84' lang='lat' dir='ltr'>quod</span> <span class='ocrx_word' id='word_1_47' title='bbox 583 1358 638 1421; x_wconf 92' lang='lat' dir='ltr'>si</span> <span class='ocrx_word' id='word_1_48' title='bbox 669 1359 882 1422; x_wconf 89' lang='lat' dir='ltr'>delira</span> <span class='ocrx_word' id='word_1_49' title='bbox 909 1360 1068 1423; x_wconf 91' lang='lat' dir='ltr'>haec</span> <span class='ocrx_word' id='word_1_50' title='bbox 1101 1359 1485 1436; x_wconf 84' lang='lat' dir='ltr'>furiosaque</span> <span class='ocrx_word' id='word_1_51' title='bbox 1515 1359 1845 1422; x_wconf 88' lang='lat' dir='ltr'>cernimus</span> <span class='ocrx_word' id='word_1_52' title='bbox 1876 1379 2009 1422; x_wconf 91' lang='lat' dir='ltr'>esse</span> <span class='ocrx_word' id='word_1_53' title='bbox 2114 1357 2117 1360; x_wconf 70' lang='grc'><strong>’</strong></span> 
     </span>
     <span class='ocr_line' id='line_1_9' title="bbox 376 1461 1885 1546; baseline 0.001 -17"><span class='ocrx_word' id='word_1_54' title='bbox 376 1474 441 1531; x_wconf 89' lang='lat' dir='ltr'>et</span> <span class='ocrx_word' id='word_1_55' title='bbox 471 1468 688 1531; x_wconf 89' lang='lat' dir='ltr'>ridere</span> <span class='ocrx_word' id='word_1_56' title='bbox 721 1475 937 1546; x_wconf 89' lang='lat' dir='ltr'>potest</span> <span class='ocrx_word' id='word_1_57' title='bbox 967 1489 1100 1530; x_wconf 92' lang='lat' dir='ltr'>non</span> <span class='ocrx_word' id='word_1_58' title='bbox 1133 1489 1213 1530; x_wconf 86' lang='lat' dir='ltr'>ex</span> <span class='ocrx_word' id='word_1_59' title='bbox 1242 1461 1618 1532; x_wconf 85' lang='lat' dir='ltr'>ridentibus</span> <span class='ocrx_word' id='word_1_60' title='bbox 1650 1469 1885 1532; x_wconf 90' lang='lat' dir='ltr'>auctus</span> 
     </span>
    </p>

    <p class='ocr_par' dir='ltr' id='par_1_3' title="bbox 375 1560 1929 1656">
     <span class='ocr_line' id='line_1_10' title="bbox 375 1560 1929 1656; baseline -0.001 -15"><span class='ocrx_word' id='word_1_61' title='bbox 375 1584 439 1641; x_wconf 92' lang='lat' dir='ltr'>et</span> <span class='ocrx_word' id='word_1_62' title='bbox 471 1598 701 1656; x_wconf 89' lang='lat' dir='ltr'>sapere</span> <span class='ocrx_word' id='word_1_63' title='bbox 733 1584 799 1642; x_wconf 87' lang='lat' dir='ltr'>et</span> <span class='ocrx_word' id='word_1_64' title='bbox 828 1578 1039 1642; x_wconf 90' lang='lat' dir='ltr'>doctis</span> <span class='ocrx_word' id='word_1_65' title='bbox 1069 1560 1393 1641; x_wconf 82' lang='lat' dir='ltr'>rationem</span> <span class='ocrx_word' id='word_1_66' title='bbox 1424 1579 1701 1642; x_wconf 90' lang='lat' dir='ltr'>reddere</span> <span class='ocrx_word' id='word_1_67' title='bbox 1732 1578 1929 1640; x_wconf 86' lang='lat' dir='ltr'>dictis</span> 
     </span>
    </p>

    <p class='ocr_par' dir='ltr' id='par_1_4' title="bbox 374 1687 2107 1984">
     <span class='ocr_line' id='line_1_11' title="bbox 374 1687 2051 1765; baseline 0.001 -17"><span class='ocrx_word' id='word_1_68' title='bbox 374 1707 507 1749; x_wconf 93' lang='lat' dir='ltr'>non</span> <span class='ocrx_word' id='word_1_69' title='bbox 539 1709 620 1750; x_wconf 85' lang='lat' dir='ltr'>ex</span> <span class='ocrx_word' id='word_1_70' title='bbox 648 1687 1006 1751; x_wconf 89' lang='lat' dir='ltr'>seminibus</span> <span class='ocrx_word' id='word_1_71' title='bbox 1037 1687 1448 1765; x_wconf 84' lang='lat' dir='ltr'>sapientibus</span> <span class='ocrx_word' id='word_1_72' title='bbox 1479 1694 1677 1764; x_wconf 89' lang='lat' dir='ltr'>atque</span> <span class='ocrx_word' id='word_1_73' title='bbox 1711 1687 1993 1764; x_wconf 79' lang='lat' dir='ltr'>disertiS,</span> <span class='ocrx_word' id='word_1_74' title='bbox 2045 1687 2051 1693; x_wconf 85' lang='lat'>&#39;</span> 
     </span>
     <span class='ocr_line' id='line_1_12' title="bbox 377 1796 2107 1874; baseline -0.001 -14"><span class='ocrx_word' id='word_1_75' title='bbox 377 1796 491 1874; x_wconf 89' lang='lat' dir='ltr'>qui</span> <span class='ocrx_word' id='word_1_76' title='bbox 521 1796 741 1859; x_wconf 90' lang='lat' dir='ltr'>minus</span> <span class='ocrx_word' id='word_1_77' title='bbox 771 1817 906 1860; x_wconf 89' lang='lat' dir='ltr'>esse</span> <span class='ocrx_word' id='word_1_78' title='bbox 939 1802 1185 1874; x_wconf 90' lang='lat' dir='ltr'>queant</span> <span class='ocrx_word' id='word_1_79' title='bbox 1219 1817 1295 1860; x_wconf 90' lang='lat' dir='ltr'>ea</span> <span class='ocrx_word' id='word_1_80' title='bbox 1327 1817 1494 1874; x_wconf 89' lang='lat' dir='ltr'>quae</span> <span class='ocrx_word' id='word_1_81' title='bbox 1525 1796 1772 1860; x_wconf 89' lang='lat' dir='ltr'>sentire</span> <span class='ocrx_word' id='word_1_82' title='bbox 1804 1796 2107 1860; x_wconf 92' lang='lat' dir='ltr'>uidemus</span> 
     </span>
     <span class='ocr_line' id='line_1_13' title="bbox 375 1886 2090 1984; baseline -0.001 -16"><span class='ocrx_word' id='word_1_83' title='bbox 375 1906 732 1968; x_wconf 89' lang='lat' dir='ltr'>seminibus</span> <span class='ocrx_word' id='word_1_84' title='bbox 761 1906 1090 1984; x_wconf 87' lang='lat' dir='ltr'>permixta</span> <span class='ocrx_word' id='word_1_85' title='bbox 1119 1886 1498 1969; x_wconf 81' lang='lat' dir='ltr'>carentibus</span> <span class='ocrx_word' id='word_1_86' title='bbox 1527 1896 1823 1983; x_wconf 87' lang='lat' dir='ltr'>undique</span> <span class='ocrx_word' id='word_1_87' title='bbox 1855 1908 2090 1968; x_wconf 75' lang='lat' dir='ltr'>sensu?</span> 
     </span>
    </p>
   </div>
   <div class='ocr_carea' id='block_1_3' title="bbox 500 2270 2221 2350">
    <p class='ocr_par' dir='ltr' id='par_1_5' title="bbox 500 2270 2221 2350">
     <span class='ocr_line' id='line_1_14' title="bbox 500 2270 2221 2350; baseline 0.001 -17"><span class='ocrx_word' id='word_1_88' title='bbox 500 2271 802 2350; x_wconf 89' lang='lat' dir='ltr'>Denique</span> <span class='ocrx_word' id='word_1_89' title='bbox 835 2271 1097 2335; x_wconf 89' lang='lat' dir='ltr'>caelesti</span> <span class='ocrx_word' id='word_1_90' title='bbox 1126 2291 1356 2335; x_wconf 89' lang='lat' dir='ltr'>sumus</span> <span class='ocrx_word' id='word_1_91' title='bbox 1388 2291 1609 2335; x_wconf 91' lang='lat' dir='ltr'>omnes</span> <span class='ocrx_word' id='word_1_92' title='bbox 1642 2270 1885 2335; x_wconf 91' lang='lat' dir='ltr'>semine</span> <span class='ocrx_word' id='word_1_93' title='bbox 1920 2270 2221 2335; x_wconf 88' lang='lat' dir='ltr'>oriundi:</span> 
     </span>
    </p>
   </div>
   <div class='ocr_carea' id='block_1_4' title="bbox 298 2381 2254 3997">
    <p class='ocr_par' dir='ltr' id='par_1_6' title="bbox 309 2381 2151 2569">
     <span class='ocr_line' id='line_1_15' title="bbox 309 2381 2151 2466; baseline -0.001 -22"><span class='ocrx_word' id='word_1_94' title='bbox 309 2447 327 2466; x_wconf 38' lang='grc' dir='ltr'><em>ο</em></span> <span class='ocrx_word' id='word_1_95' title='bbox 377 2382 677 2445; x_wconf 85' lang='lat' dir='ltr'>omnibus</span> <span class='ocrx_word' id='word_1_96' title='bbox 707 2382 818 2445; x_wconf 90' lang='lat' dir='ltr'>ille</span> <span class='ocrx_word' id='word_1_97' title='bbox 849 2381 1023 2445; x_wconf 89' lang='lat' dir='ltr'>idem</span> <span class='ocrx_word' id='word_1_98' title='bbox 1054 2388 1246 2460; x_wconf 91' lang='lat' dir='ltr'>pater</span> <span class='ocrx_word' id='word_1_99' title='bbox 1277 2389 1392 2459; x_wconf 86' lang='lat' dir='ltr'>est,</span> <span class='ocrx_word' id='word_1_100' title='bbox 1425 2383 1603 2445; x_wconf 93' lang='lat' dir='ltr'>unde</span> <span class='ocrx_word' id='word_1_101' title='bbox 1636 2382 1807 2444; x_wconf 82' lang='lat' dir='ltr'>alma</span> <span class='ocrx_word' id='word_1_102' title='bbox 1837 2381 2151 2459; x_wconf 88' lang='lat' dir='ltr'>liquentis</span> 
     </span>
     <span class='ocr_line' id='line_1_16' title="bbox 375 2491 1808 2569; baseline -0.001 -15"><span class='ocrx_word' id='word_1_103' title='bbox 375 2491 623 2555; x_wconf 87' lang='lat' dir='ltr'>umoris</span> <span class='ocrx_word' id='word_1_104' title='bbox 653 2498 880 2569; x_wconf 78' lang='lat' dir='ltr'>guttas</span> <span class='ocrx_word' id='word_1_105' title='bbox 907 2498 1119 2554; x_wconf 91' lang='lat' dir='ltr'>mater</span> <span class='ocrx_word' id='word_1_106' title='bbox 1149 2512 1298 2554; x_wconf 89' lang='lat' dir='ltr'>cum</span> <span class='ocrx_word' id='word_1_107' title='bbox 1327 2498 1509 2554; x_wconf 88' lang='lat' dir='ltr'>terra</span> <span class='ocrx_word' id='word_1_108' title='bbox 1540 2491 1808 2568; x_wconf 89' lang='lat' dir='ltr'>recepit,</span> 
     </span>
    </p>

    <p class='ocr_par' dir='ltr' id='par_1_7' title="bbox 376 2599 1911 2679">
     <span class='ocr_line' id='line_1_17' title="bbox 376 2599 1911 2679; baseline 0.001 -18"><span class='ocrx_word' id='word_1_109' title='bbox 376 2599 516 2664; x_wconf 82' lang='lat' dir='ltr'>feta</span> <span class='ocrx_word' id='word_1_110' title='bbox 545 2600 729 2679; x_wconf 89' lang='lat' dir='ltr'>parit</span> <span class='ocrx_word' id='word_1_111' title='bbox 758 2601 1007 2665; x_wconf 88' lang='lat' dir='ltr'>nitidas</span> <span class='ocrx_word' id='word_1_112' title='bbox 1040 2600 1271 2678; x_wconf 83' lang='lat' dir='ltr'>fruges</span> <span class='ocrx_word' id='word_1_113' title='bbox 1303 2602 1704 2677; x_wconf 90' lang='lat' dir='ltr'>arbustaque</span> <span class='ocrx_word' id='word_1_114' title='bbox 1735 2601 1911 2663; x_wconf 87' lang='lat' dir='ltr'>laeta</span> 
     </span>
    </p>

    <p class='ocr_par' dir='ltr' id='par_1_8' title="bbox 298 2708 2254 3338">
     <span class='ocr_line' id='line_1_18' title="bbox 376 2708 2143 2788; baseline -0.001 -17"><span class='ocrx_word' id='word_1_115' title='bbox 376 2716 439 2771; x_wconf 94' lang='lat' dir='ltr'>et</span> <span class='ocrx_word' id='word_1_116' title='bbox 469 2730 679 2788; x_wconf 86' lang='lat' dir='ltr'>genus</span> <span class='ocrx_word' id='word_1_117' title='bbox 703 2710 1088 2787; x_wconf 92' lang='lat' dir='ltr'>humanum,</span> <span class='ocrx_word' id='word_1_118' title='bbox 1121 2710 1302 2787; x_wconf 92' lang='lat' dir='ltr'>parit</span> <span class='ocrx_word' id='word_1_119' title='bbox 1333 2710 1552 2773; x_wconf 89' lang='lat' dir='ltr'>omnia</span> <span class='ocrx_word' id='word_1_120' title='bbox 1581 2710 1797 2772; x_wconf 88' lang='lat' dir='ltr'>saecla</span> <span class='ocrx_word' id='word_1_121' title='bbox 1826 2708 2143 2785; x_wconf 77' lang='lat' dir='ltr'>ferarum,</span> 
     </span>
     <span class='ocr_line' id='line_1_19' title="bbox 376 2819 2254 2897; baseline 0 -15"><span class='ocrx_word' id='word_1_122' title='bbox 376 2820 622 2897; x_wconf 90' lang='lat' dir='ltr'>pabula</span> <span class='ocrx_word' id='word_1_123' title='bbox 651 2840 800 2882; x_wconf 89' lang='lat' dir='ltr'>cum</span> <span class='ocrx_word' id='word_1_124' title='bbox 833 2821 1104 2897; x_wconf 93' lang='lat' dir='ltr'>praebet</span> <span class='ocrx_word' id='word_1_125' title='bbox 1138 2819 1378 2897; x_wconf 92' lang='lat' dir='ltr'>quibus</span> <span class='ocrx_word' id='word_1_126' title='bbox 1409 2839 1632 2882; x_wconf 89' lang='lat' dir='ltr'>omnes</span> <span class='ocrx_word' id='word_1_127' title='bbox 1662 2838 1942 2896; x_wconf 86' lang='lat' dir='ltr'>corpora</span> <span class='ocrx_word' id='word_1_128' title='bbox 1972 2825 2254 2897; x_wconf 91' lang='lat' dir='ltr'>pascunt</span> 
     </span>
     <span class='ocr_line' id='line_1_20' title="bbox 376 2918 2082 3007; baseline -0.001 -15"><span class='ocrx_word' id='word_1_129' title='bbox 376 2934 441 2992; x_wconf 89' lang='lat' dir='ltr'>et</span> <span class='ocrx_word' id='word_1_130' title='bbox 466 2930 725 2992; x_wconf 89' lang='lat' dir='ltr'>dulcem</span> <span class='ocrx_word' id='word_1_131' title='bbox 754 2918 1009 2991; x_wconf 88' lang='lat' dir='ltr'>ducunt</span> <span class='ocrx_word' id='word_1_132' title='bbox 1037 2929 1248 2991; x_wconf 87' lang='lat' dir='ltr'>uitam</span> <span class='ocrx_word' id='word_1_133' title='bbox 1278 2930 1657 3007; x_wconf 89' lang='lat' dir='ltr'>prolemque</span> <span class='ocrx_word' id='word_1_134' title='bbox 1688 2934 2082 3006; x_wconf 84' lang='lat' dir='ltr'>propagant.</span> 
     </span>
     <span class='ocr_line' id='line_1_21' title="bbox 298 3036 2157 3117; baseline -0.001 -16"><span class='ocrx_word' id='word_1_135' title='bbox 298 3045 786 3117; x_wconf 89' lang='lat' dir='ltr'>—quapropter</span> <span class='ocrx_word' id='word_1_136' title='bbox 818 3038 1055 3101; x_wconf 89' lang='lat' dir='ltr'>merito</span> <span class='ocrx_word' id='word_1_137' title='bbox 1085 3045 1459 3101; x_wconf 88' lang='lat' dir='ltr'>maternum</span> <span class='ocrx_word' id='word_1_138' title='bbox 1491 3058 1729 3101; x_wconf 92' lang='lat' dir='ltr'>nomen</span> <span class='ocrx_word' id='word_1_139' title='bbox 1763 3036 2010 3115; x_wconf 82' lang='lat' dir='ltr'>adepta¹</span> <span class='ocrx_word' id='word_1_140' title='bbox 2042 3038 2157 3101; x_wconf 87' lang='lat' dir='ltr'>est.</span> 
     </span>
     <span class='ocr_line' id='line_1_22' title="bbox 379 3143 2067 3225; baseline -0.001 -15"><span class='ocrx_word' id='word_1_141' title='bbox 379 3148 552 3210; x_wconf 85' lang='lat' dir='ltr'>cedit</span> <span class='ocrx_word' id='word_1_142' title='bbox 581 3148 740 3212; x_wconf 90' lang='lat' dir='ltr'>item</span> <span class='ocrx_word' id='word_1_143' title='bbox 771 3154 970 3225; x_wconf 90' lang='lat' dir='ltr'>retro,</span> <span class='ocrx_word' id='word_1_144' title='bbox 1003 3148 1085 3211; x_wconf 88' lang='lat' dir='ltr'>de</span> <span class='ocrx_word' id='word_1_145' title='bbox 1117 3154 1301 3211; x_wconf 92' lang='lat' dir='ltr'>terra</span> <span class='ocrx_word' id='word_1_146' title='bbox 1333 3149 1508 3225; x_wconf 89' lang='lat' dir='ltr'>quod</span> <span class='ocrx_word' id='word_1_147' title='bbox 1544 3146 1680 3224; x_wconf 83' lang='lat' dir='ltr'>fuit</span> <span class='ocrx_word' id='word_1_148' title='bbox 1715 3154 1885 3223; x_wconf 88' lang='lat' dir='ltr'>ante,</span> <span class='ocrx_word' id='word_1_149' title='bbox 2062 3143 2067 3149; x_wconf 79' lang='grc'><em>’</em></span> 
     </span>
     <span class='ocr_line' id='line_1_23' title="bbox 377 3240 1925 3338; baseline 0 -20"><span class='ocrx_word' id='word_1_150' title='bbox 377 3257 448 3318; x_wconf 91' lang='lat' dir='ltr'>in</span> <span class='ocrx_word' id='word_1_151' title='bbox 478 3263 710 3334; x_wconf 80' lang='lat' dir='ltr'>terraS,</span> <span class='ocrx_word' id='word_1_152' title='bbox 746 3264 811 3321; x_wconf 93' lang='lat' dir='ltr'>et</span> <span class='ocrx_word' id='word_1_153' title='bbox 841 3258 1019 3336; x_wconf 93' lang='lat' dir='ltr'>quod</span> <span class='ocrx_word' id='word_1_154' title='bbox 1049 3246 1330 3321; x_wconf 85' lang='lat' dir='ltr'>missust</span> <span class='ocrx_word' id='word_1_155' title='bbox 1349 3240 1428 3321; x_wconf 87' lang='lat' dir='ltr'>ex</span> <span class='ocrx_word' id='word_1_156' title='bbox 1458 3256 1743 3320; x_wconf 87' lang='lat' dir='ltr'>aetheris</span> <span class='ocrx_word' id='word_1_157' title='bbox 1775 3256 1925 3338; x_wconf 77' lang='lat' dir='ltr'>oriS,</span> 
     </span>
    </p>

    <p class='ocr_par' dir='ltr' id='par_1_9' title="bbox 299 3355 1951 3541">
     <span class='ocr_line' id='line_1_24' title="bbox 378 3355 1951 3445; baseline 0 -17"><span class='ocrx_word' id='word_1_158' title='bbox 378 3366 446 3429; x_wconf 94' lang='lat' dir='ltr'>id</span> <span class='ocrx_word' id='word_1_159' title='bbox 477 3387 744 3430; x_wconf 90' lang='lat' dir='ltr'>rursum</span> <span class='ocrx_word' id='word_1_160' title='bbox 775 3367 938 3430; x_wconf 89' lang='lat' dir='ltr'>caeli</span> <span class='ocrx_word' id='word_1_161' title='bbox 968 3368 1278 3430; x_wconf 90' lang='lat' dir='ltr'>rellatum</span> <span class='ocrx_word' id='word_1_162' title='bbox 1308 3368 1559 3445; x_wconf 86' lang='lat' dir='ltr'>templa</span> <span class='ocrx_word' id='word_1_163' title='bbox 1587 3355 1951 3444; x_wconf 90' lang='lat' dir='ltr'>receptant.</span> 
     </span>
     <span class='ocr_line' id='line_1_25' title="bbox 299 3475 1763 3541; baseline -0.001 -3"><span class='ocrx_word' id='word_1_164' title='bbox 299 3496 494 3541; x_wconf 82' lang='lat' dir='ltr'>—nec</span> <span class='ocrx_word' id='word_1_165' title='bbox 523 3476 616 3539; x_wconf 89' lang='lat' dir='ltr'>sic</span> <span class='ocrx_word' id='word_1_166' title='bbox 646 3476 983 3539; x_wconf 89' lang='lat' dir='ltr'>interemit</span> <span class='ocrx_word' id='word_1_167' title='bbox 1012 3496 1187 3539; x_wconf 90' lang='lat' dir='ltr'>mors</span> <span class='ocrx_word' id='word_1_168' title='bbox 1217 3497 1322 3539; x_wconf 89' lang='lat' dir='ltr'>res</span> <span class='ocrx_word' id='word_1_169' title='bbox 1351 3482 1428 3539; x_wconf 94' lang='lat' dir='ltr'>ut</span> <span class='ocrx_word' id='word_1_170' title='bbox 1458 3475 1763 3539; x_wconf 89' lang='lat' dir='ltr'>materiai</span> 
     </span>
    </p>

    <p class='ocr_par' dir='ltr' id='par_1_10' title="bbox 378 3584 1971 3665">
     <span class='ocr_line' id='line_1_26' title="bbox 378 3584 1971 3665; baseline -0.001 -16"><span class='ocrx_word' id='word_1_171' title='bbox 378 3606 655 3665; x_wconf 87' lang='lat' dir='ltr'>corpora</span> <span class='ocrx_word' id='word_1_172' title='bbox 685 3585 1006 3662; x_wconf 88' lang='lat' dir='ltr'>conficiat,</span> <span class='ocrx_word' id='word_1_173' title='bbox 1039 3587 1152 3649; x_wconf 92' lang='lat' dir='ltr'>sed</span> <span class='ocrx_word' id='word_1_174' title='bbox 1185 3592 1440 3648; x_wconf 91' lang='lat' dir='ltr'>coetum</span> <span class='ocrx_word' id='word_1_175' title='bbox 1470 3585 1776 3663; x_wconf 90' lang='lat' dir='ltr'>dissupat</span> <span class='ocrx_word' id='word_1_176' title='bbox 1808 3584 1971 3662; x_wconf 91' lang='lat' dir='ltr'>ollis,</span> 
     </span>
    </p>

    <p class='ocr_par' dir='ltr' id='par_1_11' title="bbox 378 3694 1875 3772">
     <span class='ocr_line' id='line_1_27' title="bbox 378 3694 1875 3772; baseline -0.001 -15"><span class='ocrx_word' id='word_1_177' title='bbox 378 3694 530 3760; x_wconf 89' lang='lat' dir='ltr'>inde</span> <span class='ocrx_word' id='word_1_178' title='bbox 564 3695 712 3759; x_wconf 91' lang='lat' dir='ltr'>aliis</span> <span class='ocrx_word' id='word_1_179' title='bbox 744 3695 928 3759; x_wconf 88' lang='lat' dir='ltr'>aliud</span> <span class='ocrx_word' id='word_1_180' title='bbox 963 3694 1305 3772; x_wconf 87' lang='lat' dir='ltr'>coniungit</span> <span class='ocrx_word' id='word_1_181' title='bbox 1339 3701 1403 3759; x_wconf 92' lang='lat' dir='ltr'>et</span> <span class='ocrx_word' id='word_1_182' title='bbox 1437 3694 1632 3759; x_wconf 87' lang='lat' dir='ltr'>efficit</span> <span class='ocrx_word' id='word_1_183' title='bbox 1666 3694 1875 3756; x_wconf 88' lang='lat' dir='ltr'>omnis</span> 
     </span>
    </p>

    <p class='ocr_par' dir='ltr' id='par_1_12' title="bbox 378 3804 2011 3891">
     <span class='ocr_line' id='line_1_28' title="bbox 378 3804 2011 3891; baseline -0.001 -25"><span class='ocrx_word' id='word_1_184' title='bbox 378 3825 482 3867; x_wconf 91' lang='lat' dir='ltr'>res</span> <span class='ocrx_word' id='word_1_185' title='bbox 511 3805 608 3869; x_wconf 88' lang='lat' dir='ltr'>ita</span> <span class='ocrx_word' id='word_1_186' title='bbox 638 3812 1035 3891; x_wconf 89' lang='lat' dir='ltr'>conuertant</span> <span class='ocrx_word' id='word_1_187' title='bbox 1063 3804 1314 3867; x_wconf 82' lang='lat' dir='ltr'>formas</span> <span class='ocrx_word' id='word_1_188' title='bbox 1343 3810 1731 3881; x_wconf 87' lang='lat' dir='ltr'>mutentque</span> <span class='ocrx_word' id='word_1_189' title='bbox 1764 3804 2011 3866; x_wconf 92' lang='lat' dir='ltr'>colores</span> 
     </span>
    </p>

    <p class='ocr_par' dir='ltr' id='par_1_13' title="bbox 379 3913 2053 3997">
     <span class='ocr_line' id='line_1_29' title="bbox 379 3913 2053 3997; baseline -0.001 -20"><span class='ocrx_word' id='word_1_190' title='bbox 379 3921 441 3977; x_wconf 91' lang='lat' dir='ltr'>et</span> <span class='ocrx_word' id='word_1_191' title='bbox 473 3914 744 3992; x_wconf 89' lang='lat' dir='ltr'>capiant</span> <span class='ocrx_word' id='word_1_192' title='bbox 774 3934 1003 3978; x_wconf 89' lang='lat' dir='ltr'>sensus</span> <span class='ocrx_word' id='word_1_193' title='bbox 1031 3921 1097 3977; x_wconf 89' lang='lat' dir='ltr'>et</span> <span class='ocrx_word' id='word_1_194' title='bbox 1128 3920 1380 3992; x_wconf 92' lang='lat' dir='ltr'>puncto</span> <span class='ocrx_word' id='word_1_195' title='bbox 1408 3921 1702 3991; x_wconf 92' lang='lat' dir='ltr'>tempore</span> <span class='ocrx_word' id='word_1_196' title='bbox 1733 3913 2053 3997; x_wconf 63' lang='lat' dir='ltr'>reddant3</span> 
     </span>
    </p>
   </div>
   <div class='ocr_carea' id='block_1_5' title="bbox 365 4044 987 4178">
    <p class='ocr_par' dir='ltr' id='par_1_14' title="bbox 365 4044 987 4178">
     <span class='ocr_line' id='line_1_30' title="bbox 365 4044 987 4106; baseline 0 -11"><span class='ocrx_word' id='word_1_197' title='bbox 365 4045 500 4095; x_wconf 90' lang='grc'>1000</span> <span class='ocrx_word' id='word_1_198' title='bbox 519 4046 666 4106; x_wconf 73' lang='lat' dir='ltr'>vuly.</span> <span class='ocrx_word' id='word_1_199' title='bbox 699 4044 987 4095; x_wconf 85' lang='lat' dir='ltr'>missumst</span> 
     </span>
     <span class='ocr_line' id='line_1_31' title="bbox 366 4113 938 4178; baseline 0 -15"><span class='ocrx_word' id='word_1_200' title='bbox 366 4113 516 4178; x_wconf 83' lang='lat'>1004,</span> <span class='ocrx_word' id='word_1_201' title='bbox 540 4113 676 4163; x_wconf 91' lang='grc'>1005</span> <span class='ocrx_word' id='word_1_202' title='bbox 696 4113 796 4162; x_wconf 79' lang='lat' dir='ltr'>alii</span> <span class='ocrx_word' id='word_1_203' title='bbox 824 4113 938 4163; x_wconf 81' lang='lat' dir='ltr'>alia</span> 
     </span>
    </p>
   </div>
   <div class='ocr_carea' id='block_1_6' title="bbox 1385 4269 1498 4320">
    <p class='ocr_par' dir='ltr' id='par_1_15' title="bbox 1385 4269 1498 4320">
     <span class='ocr_line' id='line_1_32' title="bbox 1385 4269 1498 4320; baseline 0.009 -1"><span class='ocrx_word' id='word_1_204' title='bbox 1385 4269 1498 4320; x_wconf 83' lang='grc'>[73]</span> 
     </span>
    </p>
   </div>
   <div class='ocr_carea' id='block_1_7' title="bbox 2587 806 2689 856">
    <p class='ocr_par' dir='ltr' id='par_1_16' title="bbox 2587 806 2689 856">
     <span class='ocr_line' id='line_1_33' title="bbox 2587 806 2689 856; baseline 0 0"><span class='ocrx_word' id='word_1_205' title='bbox 2587 806 2689 856; x_wconf 88' lang='grc'>980</span> 
     </span>
    </p>
   </div>
   <div class='ocr_carea' id='block_1_8' title="bbox 2588 1353 2691 1404">
    <p class='ocr_par' dir='ltr' id='par_1_17' title="bbox 2588 1353 2691 1404">
     <span class='ocr_line' id='line_1_34' title="bbox 2588 1353 2691 1404; baseline 0 0"><span class='ocrx_word' id='word_1_206' title='bbox 2588 1353 2691 1404; x_wconf 88' lang='grc'>985</span> 
     </span>
    </p>
   </div>
   <div class='ocr_carea' id='block_1_9' title="bbox 2586 1902 2689 1952">
    <p class='ocr_par' dir='ltr' id='par_1_18' title="bbox 2586 1902 2689 1952">
     <span class='ocr_line' id='line_1_35' title="bbox 2586 1902 2689 1952; baseline 0.019 -2"><span class='ocrx_word' id='word_1_207' title='bbox 2586 1902 2689 1952; x_wconf 86' lang='grc'>990</span> 
     </span>
    </p>
   </div>
   <div class='ocr_carea' id='block_1_10' title="bbox 2587 2705 2689 2756">
    <p class='ocr_par' dir='ltr' id='par_1_19' title="bbox 2587 2705 2689 2756">
     <span class='ocr_line' id='line_1_36' title="bbox 2587 2705 2689 2756; baseline 0 -1"><span class='ocrx_word' id='word_1_208' title='bbox 2587 2705 2689 2756; x_wconf 90' lang='grc'>995</span> 
     </span>
    </p>
   </div>
   <div class='ocr_carea' id='block_1_11' title="bbox 2553 3252 2690 3302">
    <p class='ocr_par' dir='ltr' id='par_1_20' title="bbox 2553 3252 2690 3302">
     <span class='ocr_line' id='line_1_37' title="bbox 2553 3252 2690 3302; baseline 0 0"><span class='ocrx_word' id='word_1_209' title='bbox 2553 3252 2690 3302; x_wconf 92' lang='grc'>1000</span> 
     </span>
    </p>
   </div>
   <div class='ocr_carea' id='block_1_12' title="bbox 2554 3800 2691 3851">
    <p class='ocr_par' dir='ltr' id='par_1_21' title="bbox 2554 3800 2691 3851">
     <span class='ocr_line' id='line_1_38' title="bbox 2554 3800 2691 3851; baseline 0 -1"><span class='ocrx_word' id='word_1_210' title='bbox 2554 3800 2691 3851; x_wconf 91' lang='grc'>1005</span> 
     </span>
    </p>
   </div>
   <div class='ocr_carea' id='block_1_13' title="bbox 3154 287 3158 1086">
    <p class='ocr_par' dir='ltr' id='par_1_22' title="bbox 3154 287 3158 1086">
     <span class='ocr_line' id='line_1_39' title="bbox 3154 287 3158 1086; baseline 0 0"><span class='ocrx_word' id='word_1_211' title='bbox 3154 287 3158 1086; x_wconf 95' lang='lat' dir='ltr'> </span> 
     </span>
    </p>
   </div>
  </div>
 </body>
</html>
