3182 4602
1213 420 1275 469 T.
1316 417 1645 470 LVGRETI
1682 415 1863 470 CARI

468 638 537 695 at
569 634 900 696 conlectus
934 653 1142 711 aquae
1176 633 1461 711 digitum
1494 653 1629 695 non
1663 633 1860 697 altior
1892 653 2121 708 unum,

468 742 583 820 qui
612 742 870 821 lapides
903 743 1080 806 inter
1111 743 1286 806 sistit
1321 764 1440 821 per
1473 749 1687 806 strata
1714 743 2002 818 uiarum,

467 852 848 929 despectum
880 855 1151 930 praebet
1183 855 1304 915 sub
1335 860 1550 915 terras
1581 852 1805 930 inpete
1838 859 2047 928 tante,

469 983 508 1025 a
540 962 739 1025 terris
770 968 1095 1040 quantum
1129 962 1293 1025 caeli
1327 969 1511 1040 patet
1547 964 1725 1025 altus
1754 962 2012 1037 hiatus3

467 1072 697 1135 nubila
731 1071 1064 1149 despicere
1100 1078 1165 1135 et
1199 1072 1449 1135 eaelum
1484 1078 1562 1134 ut
1596 1071 1866 1135 uideare
1902 1071 2149 1147 uidere,

468 1201 746 1259 corpora
779 1182 1080 1244 mirande
1117 1183 1237 1245 sub
1273 1188 1488 1245 terras
1525 1181 1753 1245 abdita
1788 1182 1983 1244 caelo,

469 1292 749 1369 denique
779 1291 897 1354 ubi
927 1292 998 1352 in
1029 1291 1247 1355 medio
1273 1291 1462 1354 nobis
1492 1312 1644 1355 ecus
1676 1312 1824 1354 aeer
1857 1290 2148 1354 obhaesit

468 1401 735 1463 flumine
768 1406 833 1464 et
867 1401 938 1462 in
972 1401 1246 1480 rapidas
1276 1401 1489 1464 amnis
1521 1400 1937 1479 despeximus
1969 1402 2205 1476 undaS‚

468 1510 704 1573 stantis
741 1511 893 1588 equi
931 1532 1170 1590 eorpus
1204 1519 1661 1574 transuersum
1699 1510 1878 1574 ferre
1914 1510 2187 1573 uidetur

467 1620 570 1683 uis
605 1628 668 1684 et
701 1622 772 1683 in
809 1622 1163 1684 aduersum
1196 1621 1440 1683 flumen
1476 1621 1871 1684 contrudere
1908 1619 2175 1698 raptim,

469 1738 532 1793 et
565 1751 973 1808 quocumque
1007 1732 1226 1793 oeulos
1258 1730 1638 1793 traiecimus
1671 1729 1889 1793 omnia
1924 1729 2092 1792 ferri

469 1846 532 1902 et
563 1841 765 1903 fluere
800 1840 1086 1903 adsimili
1117 1840 1305 1903 nobis
1336 1840 1593 1904 ratione
1624 1838 1964 1903 uidentur.

466 1950 763 2027 porticus
797 1950 1056 2028 aequali
1093 1950 1396 2027 quamuis
1431 1957 1528 2013 est
1565 1949 1848 2027 denique
1884 1951 2092 2012 ductu

467 2066 774 2138 stansque
807 2061 878 2121 in
911 2066 1308 2139 perpetuum
1340 2060 1614 2138 paribus
1646 2059 1923 2122 suffulta
1953 2040 2291 2135 columnis,

467 2169 663 2248 longa
695 2176 917 2233 tamen
952 2175 1143 2248 parte
1180 2172 1260 2234 ab
1295 2191 1550 2233 summa
1583 2191 1733 2233 011111
1766 2174 1907 2231 tota
1940 2168 2231 2244 uidetur,

468 2280 792 2358 paulatim
823 2280 1033 2344 trahit
1070 2280 1336 2358 angusti
1372 2279 1645 2358 fastigia
1680 2278 1845 2356 coni,

467 2396 642 2453 tecta
672 2391 810 2453 solo
840 2391 1122 2468 iungens
1155 2397 1352 2468 atque
1386 2391 1607 2453 omnia
1638 2391 1911 2453 dextera
1943 2388 2151 2452 laeuis

467 2500 670 2563 donee
705 2501 776 2562 in
812 2503 1160 2563 obscurum
1197 2500 1344 2563 coni
1377 2499 1696 2563 conduxit
1735 2520 2027 2562 acumen.

465 2609 538 2671 in
571 2610 807 2688 pelago
835 2610 1060 2673 nautis
1092 2632 1171 2673 ex
1201 2610 1400 2672 undis
1433 2617 1619 2672 ortus
1652 2609 1721 2671 in
1754 2609 1953 2671 undis

467 2721 562 2782 sol
594 2720 669 2782 fit
700 2719 804 2782 uti
836 2719 1149 2782 uideatur
1184 2719 1362 2782 obire
1397 2726 1461 2782 et
1495 2720 1773 2782 condere
1808 2720 2065 2795 lumen3

438 2828 716 2907 (quippe
745 2829 861 2892 ubi
889 2829 985 2891 nil
1016 2830 1199 2892 aliud
1229 2829 1360 2891 nisi
1390 2850 1628 2906 aquam
1660 2830 2041 2905 caelumque
2070 2833 2382 2903 tuentur3

465 2959 546 3001 ne
583 2939 820 3001 leuiter
856 2940 1084 3001 eredas
1119 2938 1512 3002 labefactari
1548 2939 1843 3015 undique
1882 2937 2161 3014 sensus.)

469 3054 537 3110 at
568 3048 770 3111 maris
802 3047 1054 3127 ignaris
1087 3049 1157 3110 in
1192 3057 1391 3126 portu
1426 3049 1665 3112 clauda
1695 3047 2016 3110 uidentur

467 3158 738 3236 nauigia
775 3158 1093 3236 aplustris
1130 3157 1382 3221 fractas
1417 3161 1496 3221 ob
1532 3157 1735 3220 nitier
1771 3158 2004 3220 undas,

468 3289 618 3330 nam
652 3288 1101 3346 quaecumque
1136 3288 1342 3345 supra
1375 3289 1587 3330 rorem
1624 3267 1778 3330 salis
1814 3267 2183 3344 edita'pars
2218 3272 2315 3329 est

469 3398 813 3454 remorum,
850 3385 1033 3441 reeta
1067 3384 1182 3454 est,
1221 3384 1285 3440 et
1321 3384 1500 3440 reeta
1535 3377 1817 3454 superne
1856 3378 2185 3454 guberna:

469 3507 631 3564 quae
660 3489 958 3551 demersa
987 3487 1241 3564 liquore
1274 3488 1535 3562 obeunt,
1567 3485 1860 3548 refracta
1890 3485 2211 3548 uidentur

471 3598 684 3660 omnia
721 3596 1019 3660 conuerti
1053 3615 1443 3672 sursumque
1481 3595 1723 3672 supina
1758 3595 2005 3658 reuerti

471 3712 532 3768 et
566 3707 808 3770 reflexa
843 3726 1049 3784 prope
1084 3705 1156 3767 in
1189 3726 1443 3768 summo
1475 3696 1741 3801 fluitare
1776 3704 2047 3782 liquore.
2090 3687 2102 3696 ’

489 3837 589 3885 414
609 3836 884 3887 coniectus

489 3905 588 3954 418
609 3906 753 3966 vulg.
802 3904 940 3956 caeli
983 3909 1046 3956 ut

488 3973 588 4021 419
608 3972 753 4033 vulg.
791 3973 1007 4022 caerula
1283 4012 1290 4019 .

488 4040 588 4090 437
609 4040 754 4101 vuly.
788 4039 997 4090 fractis
1032 4039 1283 4089 obnitier
1318 4039 1486 4089 undis

489 4108 590 4157 440
609 4108 755 4169 vuly.
788 4106 1051 4172 liquorem

1457 4205 1604 4258 [133]

2674 738 2780 786 415

2676 1286 2779 1336 420

2675 1836 2779 1886 425

2674 2385 2777 2434 430

2674 2933 2779 2983 435

2675 3481 2777 3554 451⁰
