<?xml version="1.0" encoding="UTF-8"?>
<!DOCTYPE html PUBLIC "-//W3C//DTD XHTML 1.0 Transitional//EN"
    "http://www.w3.org/TR/xhtml1/DTD/xhtml1-transitional.dtd">
<html xmlns="http://www.w3.org/1999/xhtml" xml:lang="en" lang="en">
 <head>
  <title>
</title>
<meta http-equiv="Content-Type" content="text/html;charset=utf-8" />
  <meta name='ocr-system' content='tesseract 3.04.00' />
  <meta name='ocr-capabilities' content='ocr_page ocr_carea ocr_par ocr_line ocrx_word'/>
</head>
<body>
  <div class='ocr_page' id='page_1' title='image "./lvcretiderervmn00unkngoog_0176.png"; bbox 0 0 3182 4602; ppageno 0'>
   <div class='ocr_carea' id='block_1_1' title="bbox 1130 384 1776 435">
    <p class='ocr_par' dir='ltr' id='par_1_1' title="bbox 1130 384 1776 435">
     <span class='ocr_line' id='line_1_1' title="bbox 1130 384 1776 435; baseline 0 -2"><span class='ocrx_word' id='word_1_1' title='bbox 1130 384 1190 433; x_wconf 80' lang='lat' dir='ltr'><strong>T.</strong></span> <span class='ocrx_word' id='word_1_2' title='bbox 1232 384 1559 435; x_wconf 79' lang='lat' dir='ltr'><strong><em>LVGRETI</em></strong></span> <span class='ocrx_word' id='word_1_3' title='bbox 1599 384 1776 435; x_wconf 83' lang='lat' dir='ltr'><strong><em>CARI</em></strong></span> 
     </span>
    </p>
   </div>
   <div class='ocr_carea' id='block_1_2' title="bbox 299 598 2373 1993">
    <p class='ocr_par' dir='ltr' id='par_1_2' title="bbox 299 598 2373 1993">
     <span class='ocr_line' id='line_1_2' title="bbox 382 598 2082 677; baseline 0.001 -18"><span class='ocrx_word' id='word_1_4' title='bbox 382 606 736 676; x_wconf 88' lang='lat' dir='ltr'><strong>propterea</strong></span> <span class='ocrx_word' id='word_1_5' title='bbox 771 598 929 675; x_wconf 92' lang='lat' dir='ltr'><strong>quia</strong></span> <span class='ocrx_word' id='word_1_6' title='bbox 961 600 1174 662; x_wconf 89' lang='lat' dir='ltr'><strong>multa</strong></span> <span class='ocrx_word' id='word_1_7' title='bbox 1207 599 1417 662; x_wconf 88' lang='lat' dir='ltr'><strong>modis</strong></span> <span class='ocrx_word' id='word_1_8' title='bbox 1452 599 1819 677; x_wconf 90' lang='lat' dir='ltr'><strong>primordia</strong></span> <span class='ocrx_word' id='word_1_9' title='bbox 1854 599 2082 662; x_wconf 90' lang='lat' dir='ltr'><strong>multis</strong></span> 
     </span>
     <span class='ocr_line' id='line_1_3' title="bbox 381 685 1973 788; baseline 0.001 -19"><span class='ocrx_word' id='word_1_10' title='bbox 381 707 588 771; x_wconf 86' lang='lat' dir='ltr'><strong>mixta</strong></span> <span class='ocrx_word' id='word_1_11' title='bbox 621 728 742 771; x_wconf 88' lang='lat' dir='ltr'><strong>suo</strong></span> <span class='ocrx_word' id='word_1_12' title='bbox 771 709 988 772; x_wconf 89' lang='lat' dir='ltr'><strong>celant</strong></span> <span class='ocrx_word' id='word_1_13' title='bbox 1020 709 1090 770; x_wconf 92' lang='lat' dir='ltr'><strong>in</strong></span> <span class='ocrx_word' id='word_1_14' title='bbox 1125 728 1396 787; x_wconf 91' lang='lat' dir='ltr'><strong>corpore</strong></span> <span class='ocrx_word' id='word_1_15' title='bbox 1430 685 1622 787; x_wconf 85' lang='lat' dir='ltr'><strong>saepe</strong></span> <span class='ocrx_word' id='word_1_16' title='bbox 1657 709 1973 788; x_wconf 81' lang='lat' dir='ltr'><strong>parentiS,</strong></span> 
     </span>
     <span class='ocr_line' id='line_1_4' title="bbox 383 818 2137 897; baseline 0.001 -17"><span class='ocrx_word' id='word_1_17' title='bbox 383 837 549 893; x_wconf 91' lang='lat' dir='ltr'><strong>quae</strong></span> <span class='ocrx_word' id='word_1_18' title='bbox 582 818 890 895; x_wconf 83' lang='lat' dir='ltr'><strong>patribus</strong></span> <span class='ocrx_word' id='word_1_19' title='bbox 918 825 1143 897; x_wconf 85' lang='lat' dir='ltr'><strong>patres</strong></span> <span class='ocrx_word' id='word_1_20' title='bbox 1173 820 1454 882; x_wconf 84' lang='lat' dir='ltr'><strong>tradunt</strong></span> <span class='ocrx_word' id='word_1_21' title='bbox 1488 841 1527 882; x_wconf 92' lang='lat' dir='ltr'><strong>a</strong></span> <span class='ocrx_word' id='word_1_22' title='bbox 1559 819 1768 896; x_wconf 84' lang='lat' dir='ltr'><strong>stirpe</strong></span> <span class='ocrx_word' id='word_1_23' title='bbox 1802 818 2137 896; x_wconf 83' lang='lat' dir='ltr'><strong>profecta3</strong></span> 
     </span>
     <span class='ocr_line' id='line_1_5' title="bbox 382 926 1851 1006; baseline 0.003 -19"><span class='ocrx_word' id='word_1_24' title='bbox 382 926 534 989; x_wconf 92' lang='lat' dir='ltr'><strong>inde</strong></span> <span class='ocrx_word' id='word_1_25' title='bbox 567 929 795 990; x_wconf 88' lang='lat' dir='ltr'><strong>Venus</strong></span> <span class='ocrx_word' id='word_1_26' title='bbox 827 928 1018 990; x_wconf 92' lang='lat' dir='ltr'><strong>uaria</strong></span> <span class='ocrx_word' id='word_1_27' title='bbox 1052 928 1362 1006; x_wconf 83' lang='lat' dir='ltr'>producit</span> <span class='ocrx_word' id='word_1_28' title='bbox 1395 936 1568 991; x_wconf 84' lang='lat' dir='ltr'>sorte</span> <span class='ocrx_word' id='word_1_29' title='bbox 1603 929 1851 1006; x_wconf 87' lang='lat' dir='ltr'><strong>figuras</strong></span> 
     </span>
     <span class='ocr_line' id='line_1_6' title="bbox 381 1036 2109 1115; baseline 0.002 -18"><span class='ocrx_word' id='word_1_30' title='bbox 381 1036 833 1114; x_wconf 88' lang='lat' dir='ltr'><strong>maiorumque</strong></span> <span class='ocrx_word' id='word_1_31' title='bbox 871 1037 1080 1101; x_wconf 83' lang='lat' dir='ltr'><strong>refert</strong></span> <span class='ocrx_word' id='word_1_32' title='bbox 1117 1039 1340 1101; x_wconf 88' lang='lat' dir='ltr'><strong>uoltus</strong></span> <span class='ocrx_word' id='word_1_33' title='bbox 1376 1058 1697 1115; x_wconf 90' lang='lat' dir='ltr'><strong>uocesque</strong></span> <span class='ocrx_word' id='word_1_34' title='bbox 1735 1058 2109 1115; x_wconf 84' lang='lat' dir='ltr'><strong>comasque3</strong></span> 
     </span>
     <span class='ocr_line' id='line_1_7' title="bbox 382 1147 2373 1225; baseline 0.001 -17"><span class='ocrx_word' id='word_1_35' title='bbox 382 1147 916 1223; x_wconf 89' lang='lat' dir='ltr'><strong>quandoquidem</strong></span> <span class='ocrx_word' id='word_1_36' title='bbox 949 1147 1161 1209; x_wconf 88' lang='lat' dir='ltr'>nihilo</span> <span class='ocrx_word' id='word_1_37' title='bbox 1193 1148 1403 1225; x_wconf 89' lang='lat' dir='ltr'><strong>magis</strong></span> <span class='ocrx_word' id='word_1_38' title='bbox 1437 1149 1596 1209; x_wconf 90' lang='lat' dir='ltr'><strong>haec</strong></span> <span class='ocrx_word' id='word_1_39' title='bbox 1637 1149 1869 1219; x_wconf 89' lang='lat' dir='ltr'><strong>&lt;de&gt;</strong></span> <span class='ocrx_word' id='word_1_40' title='bbox 1916 1148 2157 1210; x_wconf 87' lang='lat' dir='ltr'><strong>semine</strong></span> <span class='ocrx_word' id='word_1_41' title='bbox 2194 1154 2373 1210; x_wconf 87' lang='lat' dir='ltr'><strong>certo</strong></span> 
     </span>
     <span class='ocr_line' id='line_1_8' title="bbox 380 1256 2128 1335; baseline 0.003 -19"><span class='ocrx_word' id='word_1_42' title='bbox 380 1256 551 1319; x_wconf 90' lang='lat' dir='ltr'><strong>fiunt</strong></span> <span class='ocrx_word' id='word_1_43' title='bbox 587 1277 785 1333; x_wconf 91' lang='lat' dir='ltr'><strong>quam</strong></span> <span class='ocrx_word' id='word_1_44' title='bbox 820 1256 1025 1320; x_wconf 84' lang='lat' dir='ltr'><strong>facies</strong></span> <span class='ocrx_word' id='word_1_45' title='bbox 1058 1264 1122 1321; x_wconf 90' lang='lat' dir='ltr'><strong>et</strong></span> <span class='ocrx_word' id='word_1_46' title='bbox 1156 1278 1434 1335; x_wconf 88' lang='lat' dir='ltr'><strong>corpora</strong></span> <span class='ocrx_word' id='word_1_47' title='bbox 1467 1258 1887 1334; x_wconf 83' lang='lat' dir='ltr'><strong>membraque</strong></span> <span class='ocrx_word' id='word_1_48' title='bbox 1922 1257 2128 1321; x_wconf 81' lang='lat' dir='ltr'><strong>nobiS.</strong></span> 
     </span>
     <span class='ocr_line' id='line_1_9' title="bbox 299 1362 2007 1445; baseline 0.001 -19"><span class='ocrx_word' id='word_1_49' title='bbox 299 1371 444 1426; x_wconf 82' lang='lat' dir='ltr'><strong>—et</strong></span> <span class='ocrx_word' id='word_1_50' title='bbox 479 1362 796 1428; x_wconf 88' lang='lat' dir='ltr'><strong>muliebre</strong></span> <span class='ocrx_word' id='word_1_51' title='bbox 831 1367 1045 1428; x_wconf 90' lang='lat' dir='ltr'><strong>oritur</strong></span> <span class='ocrx_word' id='word_1_52' title='bbox 1079 1367 1299 1445; x_wconf 90' lang='lat' dir='ltr'><strong>patrio</strong></span> <span class='ocrx_word' id='word_1_53' title='bbox 1332 1368 1411 1429; x_wconf 90' lang='lat' dir='ltr'><strong>de</strong></span> <span class='ocrx_word' id='word_1_54' title='bbox 1445 1368 1689 1430; x_wconf 88' lang='lat' dir='ltr'><strong>semine</strong></span> <span class='ocrx_word' id='word_1_55' title='bbox 1722 1368 2007 1430; x_wconf 89' lang='lat' dir='ltr'><strong>saeclum</strong></span> 
     </span>
     <span class='ocr_line' id='line_1_10' title="bbox 380 1476 1920 1555; baseline 0.001 -19"><span class='ocrx_word' id='word_1_56' title='bbox 380 1482 808 1553; x_wconf 89' lang='lat' dir='ltr'><strong>maternoque</strong></span> <span class='ocrx_word' id='word_1_57' title='bbox 841 1496 1054 1538; x_wconf 90' lang='lat' dir='ltr'><strong>mares</strong></span> <span class='ocrx_word' id='word_1_58' title='bbox 1089 1476 1381 1539; x_wconf 86' lang='lat' dir='ltr'><strong>existunt</strong></span> <span class='ocrx_word' id='word_1_59' title='bbox 1416 1497 1687 1555; x_wconf 90' lang='lat' dir='ltr'><strong>corpore</strong></span> <span class='ocrx_word' id='word_1_60' title='bbox 1721 1476 1920 1554; x_wconf 90' lang='lat' dir='ltr'><strong>creti;</strong></span> 
     </span>
     <span class='ocr_line' id='line_1_11' title="bbox 381 1586 2099 1663; baseline 0.002 -18"><span class='ocrx_word' id='word_1_61' title='bbox 381 1605 637 1662; x_wconf 87' lang='lat' dir='ltr'><strong>semper</strong></span> <span class='ocrx_word' id='word_1_62' title='bbox 669 1586 843 1647; x_wconf 92' lang='lat' dir='ltr'><strong>enim</strong></span> <span class='ocrx_word' id='word_1_63' title='bbox 876 1593 1113 1663; x_wconf 79' lang='lat' dir='ltr'><strong>part-us</strong></span> <span class='ocrx_word' id='word_1_64' title='bbox 1145 1586 1398 1663; x_wconf 85' lang='lat' dir='ltr'>duplici</span> <span class='ocrx_word' id='word_1_65' title='bbox 1432 1588 1513 1648; x_wconf 89' lang='lat' dir='ltr'><strong>de</strong></span> <span class='ocrx_word' id='word_1_66' title='bbox 1547 1587 1789 1648; x_wconf 90' lang='lat' dir='ltr'><strong>semine</strong></span> <span class='ocrx_word' id='word_1_67' title='bbox 1824 1593 2099 1662; x_wconf 89' lang='lat' dir='ltr'><strong>constat,</strong></span> 
     </span>
     <span class='ocr_line' id='line_1_12' title="bbox 383 1695 2211 1773; baseline 0.001 -17"><span class='ocrx_word' id='word_1_68' title='bbox 383 1699 580 1771; x_wconf 90' lang='lat' dir='ltr'><strong>atque</strong></span> <span class='ocrx_word' id='word_1_69' title='bbox 613 1696 752 1757; x_wconf 90' lang='lat' dir='ltr'><strong>utri</strong></span> <span class='ocrx_word' id='word_1_70' title='bbox 786 1695 1058 1758; x_wconf 85' lang='lat' dir='ltr'><strong>similest</strong></span> <span class='ocrx_word' id='word_1_71' title='bbox 1091 1696 1300 1773; x_wconf 87' lang='lat' dir='ltr'><strong>magis</strong></span> <span class='ocrx_word' id='word_1_72' title='bbox 1334 1696 1404 1758; x_wconf 95' lang='lat' dir='ltr'><strong>id</strong></span> <span class='ocrx_word' id='word_1_73' title='bbox 1437 1698 1893 1773; x_wconf 89' lang='lat' dir='ltr'><strong>quodcumque</strong></span> <span class='ocrx_word' id='word_1_74' title='bbox 1927 1703 2211 1773; x_wconf 87' lang='lat' dir='ltr'><strong>creatur,</strong></span> 
     </span>
     <span class='ocr_line' id='line_1_13' title="bbox 382 1804 2205 1883; baseline 0 -17"><span class='ocrx_word' id='word_1_75' title='bbox 382 1804 522 1866; x_wconf 87' lang='lat' dir='ltr'><strong>eius</strong></span> <span class='ocrx_word' id='word_1_76' title='bbox 553 1805 749 1867; x_wconf 89' lang='lat' dir='ltr'><strong>habet</strong></span> <span class='ocrx_word' id='word_1_77' title='bbox 784 1806 935 1882; x_wconf 88' lang='lat' dir='ltr'><strong>plus</strong></span> <span class='ocrx_word' id='word_1_78' title='bbox 967 1812 1158 1883; x_wconf 89' lang='lat' dir='ltr'><strong>parte</strong></span> <span class='ocrx_word' id='word_1_79' title='bbox 1193 1826 1435 1882; x_wconf 82' lang='lat' dir='ltr'><strong>aequa3</strong></span> <span class='ocrx_word' id='word_1_80' title='bbox 1470 1807 1645 1883; x_wconf 92' lang='lat' dir='ltr'><strong>quod</strong></span> <span class='ocrx_word' id='word_1_81' title='bbox 1679 1826 1943 1869; x_wconf 86' lang='lat' dir='ltr'><strong>cernere</strong></span> <span class='ocrx_word' id='word_1_82' title='bbox 1979 1806 2205 1883; x_wconf 88' lang='lat' dir='ltr'><strong>possis,</strong></span> 
     </span>
     <span class='ocr_line' id='line_1_14' title="bbox 381 1913 1908 1993; baseline 0.001 -18"><span class='ocrx_word' id='word_1_83' title='bbox 381 1913 520 1977; x_wconf 91' lang='lat' dir='ltr'><strong>siue</strong></span> <span class='ocrx_word' id='word_1_84' title='bbox 553 1913 776 1976; x_wconf 93' lang='lat' dir='ltr'><strong>uirum</strong></span> <span class='ocrx_word' id='word_1_85' title='bbox 809 1916 1064 1977; x_wconf 83' lang='lat' dir='ltr'><strong>suboles</strong></span> <span class='ocrx_word' id='word_1_86' title='bbox 1097 1914 1300 1977; x_wconf 89' lang='lat' dir='ltr'><strong>siuest</strong></span> <span class='ocrx_word' id='word_1_87' title='bbox 1333 1914 1674 1978; x_wconf 90' lang='lat' dir='ltr'><strong>muliebris</strong></span> <span class='ocrx_word' id='word_1_88' title='bbox 1707 1915 1908 1993; x_wconf 86' lang='lat' dir='ltr'><strong>orig0.</strong></span> 
     </span>
    </p>
   </div>
   <div class='ocr_carea' id='block_1_3' title="bbox 277 2108 2254 3832">
    <p class='ocr_par' dir='ltr' id='par_1_3' title="bbox 384 2108 2208 2408">
     <span class='ocr_line' id='line_1_15' title="bbox 506 2108 2208 2187; baseline 0.003 -19"><span class='ocrx_word' id='word_1_89' title='bbox 506 2108 640 2171; x_wconf 87' lang='lat' dir='ltr'><strong>Nec</strong></span> <span class='ocrx_word' id='word_1_90' title='bbox 677 2108 911 2171; x_wconf 92' lang='lat' dir='ltr'><strong>diuina</strong></span> <span class='ocrx_word' id='word_1_91' title='bbox 946 2116 1162 2171; x_wconf 90' lang='lat' dir='ltr'><strong>satum</strong></span> <span class='ocrx_word' id='word_1_92' title='bbox 1200 2110 1552 2186; x_wconf 84' lang='lat' dir='ltr'><strong>genitalem</strong></span> <span class='ocrx_word' id='word_1_93' title='bbox 1588 2110 1865 2173; x_wconf 88' lang='lat' dir='ltr'><strong>numina</strong></span> <span class='ocrx_word' id='word_1_94' title='bbox 1902 2110 2208 2187; x_wconf 82' lang='lat' dir='ltr'><strong>cuiquam</strong></span> 
     </span>
     <span class='ocr_line' id='line_1_16' title="bbox 385 2219 2129 2297; baseline 0.001 -18"><span class='ocrx_word' id='word_1_95' title='bbox 385 2219 772 2293; x_wconf 85' lang='lat' dir='ltr'><strong>absterrent,</strong></span> <span class='ocrx_word' id='word_1_96' title='bbox 809 2225 1000 2296; x_wconf 91' lang='lat' dir='ltr'><strong>pater</strong></span> <span class='ocrx_word' id='word_1_97' title='bbox 1036 2240 1074 2281; x_wconf 93' lang='lat' dir='ltr'><strong>a</strong></span> <span class='ocrx_word' id='word_1_98' title='bbox 1108 2219 1327 2297; x_wconf 84' lang='lat' dir='ltr'><strong>gnatis</strong></span> <span class='ocrx_word' id='word_1_99' title='bbox 1361 2240 1442 2281; x_wconf 91' lang='lat' dir='ltr'><strong>ne</strong></span> <span class='ocrx_word' id='word_1_100' title='bbox 1477 2220 1785 2283; x_wconf 85' lang='lat' dir='ltr'><strong>dulcibus</strong></span> <span class='ocrx_word' id='word_1_101' title='bbox 1816 2240 2129 2297; x_wconf 90' lang='lat' dir='ltr'><strong>umquam</strong></span> 
     </span>
     <span class='ocr_line' id='line_1_17' title="bbox 384 2329 2016 2408; baseline 0.002 -19"><span class='ocrx_word' id='word_1_102' title='bbox 384 2329 758 2405; x_wconf 85' lang='lat' dir='ltr'><strong>appelletur</strong></span> <span class='ocrx_word' id='word_1_103' title='bbox 790 2335 854 2391; x_wconf 90' lang='lat' dir='ltr'><strong>et</strong></span> <span class='ocrx_word' id='word_1_104' title='bbox 887 2336 962 2391; x_wconf 91' lang='lat' dir='ltr'><strong>ut</strong></span> <span class='ocrx_word' id='word_1_105' title='bbox 997 2330 1209 2393; x_wconf 89' lang='lat' dir='ltr'><strong>sterili</strong></span> <span class='ocrx_word' id='word_1_106' title='bbox 1240 2332 1496 2393; x_wconf 90' lang='lat' dir='ltr'><strong>Venere</strong></span> <span class='ocrx_word' id='word_1_107' title='bbox 1532 2330 1752 2408; x_wconf 85' lang='lat' dir='ltr'><strong>exigat</strong></span> <span class='ocrx_word' id='word_1_108' title='bbox 1788 2351 2016 2394; x_wconf 87' lang='lat' dir='ltr'><strong>aeuom</strong></span> 
     </span>
    </p>

    <p class='ocr_par' dir='ltr' id='par_1_4' title="bbox 277 2437 2254 3832">
     <span class='ocr_line' id='line_1_18' title="bbox 355 2437 2209 2518; baseline 0.001 -19"><span class='ocrx_word' id='word_1_109' title='bbox 355 2437 562 2514; x_wconf 90' lang='lat' dir='ltr'><strong>(quod</strong></span> <span class='ocrx_word' id='word_1_110' title='bbox 592 2439 979 2515; x_wconf 91' lang='lat' dir='ltr'><strong>plerumque</strong></span> <span class='ocrx_word' id='word_1_111' title='bbox 1012 2446 1256 2516; x_wconf 90' lang='lat' dir='ltr'><strong>putant</strong></span> <span class='ocrx_word' id='word_1_112' title='bbox 1289 2448 1351 2502; x_wconf 91' lang='lat' dir='ltr'><strong>et</strong></span> <span class='ocrx_word' id='word_1_113' title='bbox 1385 2441 1596 2503; x_wconf 92' lang='lat' dir='ltr'><strong>multo</strong></span> <span class='ocrx_word' id='word_1_114' title='bbox 1626 2441 1945 2518; x_wconf 85' lang='lat' dir='ltr'><strong>sanguine</strong></span> <span class='ocrx_word' id='word_1_115' title='bbox 1978 2440 2209 2503; x_wconf 88' lang='lat' dir='ltr'><strong>maesti</strong></span> 
     </span>
     <span class='ocr_line' id='line_1_19' title="bbox 384 2550 1969 2627; baseline 0.002 -18"><span class='ocrx_word' id='word_1_116' title='bbox 384 2555 828 2625; x_wconf 87' lang='lat' dir='ltr'><strong>conspergunt</strong></span> <span class='ocrx_word' id='word_1_117' title='bbox 866 2569 1015 2612; x_wconf 88' lang='lat' dir='ltr'><strong>aras</strong></span> <span class='ocrx_word' id='word_1_118' title='bbox 1051 2550 1446 2627; x_wconf 87' lang='lat' dir='ltr'><strong>adolentque</strong></span> <span class='ocrx_word' id='word_1_119' title='bbox 1482 2550 1722 2613; x_wconf 89' lang='lat' dir='ltr'><strong>altaria</strong></span> <span class='ocrx_word' id='word_1_120' title='bbox 1758 2550 1969 2627; x_wconf 92' lang='lat' dir='ltr'><strong>donis,</strong></span> 
     </span>
     <span class='ocr_line' id='line_1_20' title="bbox 277 2657 1967 2737; baseline 0.002 -19"><span class='ocrx_word' id='word_1_121' title='bbox 277 2704 282 2708; x_wconf 86' lang='grc'>-</span> <span class='ocrx_word' id='word_1_122' title='bbox 382 2664 456 2719; x_wconf 88' lang='lat' dir='ltr'><strong>ut</strong></span> <span class='ocrx_word' id='word_1_123' title='bbox 490 2657 805 2733; x_wconf 88' lang='lat' dir='ltr'><strong>grauidas</strong></span> <span class='ocrx_word' id='word_1_124' title='bbox 839 2658 1122 2720; x_wconf 90' lang='lat' dir='ltr'><strong>reddant</strong></span> <span class='ocrx_word' id='word_1_125' title='bbox 1157 2680 1393 2722; x_wconf 86' lang='lat' dir='ltr'><strong>uxores</strong></span> <span class='ocrx_word' id='word_1_126' title='bbox 1427 2659 1669 2721; x_wconf 91' lang='lat' dir='ltr'><strong>semine</strong></span> <span class='ocrx_word' id='word_1_127' title='bbox 1704 2661 1921 2737; x_wconf 87' lang='lat' dir='ltr'><strong>largo)</strong></span> <span class='ocrx_word' id='word_1_128' title='bbox 1954 2686 1967 2736; x_wconf 93' lang='grc'><strong>;</strong></span> 
     </span>
     <span class='ocr_line' id='line_1_21' title="bbox 304 2766 2023 2847; baseline 0.002 -20"><span class='ocrx_word' id='word_1_129' title='bbox 304 2766 783 2843; x_wconf 89' lang='lat' dir='ltr'><strong>—nequiquam</strong></span> <span class='ocrx_word' id='word_1_130' title='bbox 815 2767 1040 2830; x_wconf 88' lang='lat' dir='ltr'><strong>diuom</strong></span> <span class='ocrx_word' id='word_1_131' title='bbox 1075 2789 1319 2831; x_wconf 91' lang='lat' dir='ltr'><strong>numen</strong></span> <span class='ocrx_word' id='word_1_132' title='bbox 1353 2769 1677 2845; x_wconf 87' lang='lat' dir='ltr'><strong>sortisque</strong></span> <span class='ocrx_word' id='word_1_133' title='bbox 1711 2769 2023 2847; x_wconf 85' lang='lat' dir='ltr'><strong>fatigant.</strong></span> 
     </span>
     <span class='ocr_line' id='line_1_22' title="bbox 303 2876 2131 2956; baseline 0.003 -21"><span class='ocrx_word' id='word_1_134' title='bbox 303 2895 534 2938; x_wconf 66' lang='lat' dir='ltr'><strong>—ozam</strong></span> <span class='ocrx_word' id='word_1_135' title='bbox 567 2876 821 2938; x_wconf 90' lang='lat' dir='ltr'><strong>steriles</strong></span> <span class='ocrx_word' id='word_1_136' title='bbox 854 2877 1133 2939; x_wconf 91' lang='lat' dir='ltr'><strong>nimium</strong></span> <span class='ocrx_word' id='word_1_137' title='bbox 1167 2898 1385 2940; x_wconf 89' lang='lat' dir='ltr'><strong>crasso</strong></span> <span class='ocrx_word' id='word_1_138' title='bbox 1417 2886 1571 2940; x_wconf 86' lang='lat' dir='ltr'><strong>sunt</strong></span> <span class='ocrx_word' id='word_1_139' title='bbox 1606 2878 1848 2941; x_wconf 90' lang='lat' dir='ltr'><strong>semine</strong></span> <span class='ocrx_word' id='word_1_140' title='bbox 1884 2879 2131 2956; x_wconf 89' lang='lat' dir='ltr'><strong>partim</strong></span> 
     </span>
     <span class='ocr_line' id='line_1_23' title="bbox 384 2984 1992 3064; baseline 0.002 -18"><span class='ocrx_word' id='word_1_141' title='bbox 384 2991 446 3046; x_wconf 90' lang='lat' dir='ltr'><strong>et</strong></span> <span class='ocrx_word' id='word_1_142' title='bbox 475 2984 730 3062; x_wconf 90' lang='lat' dir='ltr'><strong>liquido</strong></span> <span class='ocrx_word' id='word_1_143' title='bbox 762 2994 1026 3063; x_wconf 89' lang='lat' dir='ltr'><strong>praeter</strong></span> <span class='ocrx_word' id='word_1_144' title='bbox 1057 2987 1305 3050; x_wconf 87' lang='lat' dir='ltr'><strong>iustum</strong></span> <span class='ocrx_word' id='word_1_145' title='bbox 1336 2988 1653 3064; x_wconf 83' lang='lat' dir='ltr'><strong>tenuique</strong></span> <span class='ocrx_word' id='word_1_146' title='bbox 1684 2988 1992 3050; x_wconf 91' lang='lat' dir='ltr'><strong>uicissim.</strong></span> 
     </span>
     <span class='ocr_line' id='line_1_24' title="bbox 382 3095 2192 3175; baseline 0.003 -22"><span class='ocrx_word' id='word_1_147' title='bbox 382 3099 578 3157; x_wconf 90' lang='lat' dir='ltr'><strong>tenue</strong></span> <span class='ocrx_word' id='word_1_148' title='bbox 612 3095 770 3156; x_wconf 87' lang='lat' dir='ltr'><strong>locis</strong></span> <span class='ocrx_word' id='word_1_149' title='bbox 803 3095 960 3172; x_wconf 90' lang='lat' dir='ltr'><strong>quia</strong></span> <span class='ocrx_word' id='word_1_150' title='bbox 991 3117 1122 3159; x_wconf 92' lang='lat' dir='ltr'><strong>non</strong></span> <span class='ocrx_word' id='word_1_151' title='bbox 1157 3097 1332 3175; x_wconf 89' lang='lat' dir='ltr'><strong>potis</strong></span> <span class='ocrx_word' id='word_1_152' title='bbox 1364 3103 1461 3159; x_wconf 89' lang='lat' dir='ltr'><strong>est</strong></span> <span class='ocrx_word' id='word_1_153' title='bbox 1497 3096 1782 3174; x_wconf 84' lang='lat' dir='ltr'><strong>adfigere</strong></span> <span class='ocrx_word' id='word_1_154' title='bbox 1819 3099 2192 3175; x_wconf 89' lang='lat' dir='ltr'><strong>adhaesum,</strong></span> 
     </span>
     <span class='ocr_line' id='line_1_25' title="bbox 381 3203 2067 3283; baseline 0.004 -20"><span class='ocrx_word' id='word_1_155' title='bbox 381 3203 664 3281; x_wconf 92' lang='lat' dir='ltr'><strong>liquitur</strong></span> <span class='ocrx_word' id='word_1_156' title='bbox 698 3206 1027 3283; x_wconf 86' lang='lat' dir='ltr'><strong>extemplo</strong></span> <span class='ocrx_word' id='word_1_157' title='bbox 1057 3214 1120 3268; x_wconf 91' lang='lat' dir='ltr'><strong>et</strong></span> <span class='ocrx_word' id='word_1_158' title='bbox 1157 3213 1538 3269; x_wconf 90' lang='lat' dir='ltr'><strong>reuocatum</strong></span> <span class='ocrx_word' id='word_1_159' title='bbox 1574 3207 1747 3268; x_wconf 83' lang='lat' dir='ltr'><strong>cedit</strong></span> <span class='ocrx_word' id='word_1_160' title='bbox 1782 3209 1862 3270; x_wconf 93' lang='lat' dir='ltr'><strong>ab</strong></span> <span class='ocrx_word' id='word_1_161' title='bbox 1896 3215 2067 3270; x_wconf 91' lang='lat' dir='ltr'><strong>ortu.</strong></span> 
     </span>
     <span class='ocr_line' id='line_1_26' title="bbox 385 3313 2066 3394; baseline 0.004 -20"><span class='ocrx_word' id='word_1_162' title='bbox 385 3313 666 3375; x_wconf 86' lang='lat' dir='ltr'><strong>crassius</strong></span> <span class='ocrx_word' id='word_1_163' title='bbox 693 3314 848 3377; x_wconf 90' lang='lat' dir='ltr'><strong>hinc</strong></span> <span class='ocrx_word' id='word_1_164' title='bbox 880 3335 1078 3392; x_wconf 88' lang='lat' dir='ltr'><strong>porro</strong></span> <span class='ocrx_word' id='word_1_165' title='bbox 1112 3317 1422 3392; x_wconf 91' lang='lat' dir='ltr'><strong>quoniam</strong></span> <span class='ocrx_word' id='word_1_166' title='bbox 1455 3316 1824 3379; x_wconf 87' lang='lat' dir='ltr'><strong>concretius</strong></span> <span class='ocrx_word' id='word_1_167' title='bbox 1858 3337 2066 3394; x_wconf 88' lang='lat' dir='ltr'><strong>aequo</strong></span> 
     </span>
     <span class='ocr_line' id='line_1_27' title="bbox 383 3422 1985 3503; baseline 0.004 -21"><span class='ocrx_word' id='word_1_168' title='bbox 383 3422 694 3499; x_wconf 87' lang='lat' dir='ltr'><strong>mittitur,</strong></span> <span class='ocrx_word' id='word_1_169' title='bbox 730 3430 846 3486; x_wconf 90' lang='lat' dir='ltr'><strong>aut</strong></span> <span class='ocrx_word' id='word_1_170' title='bbox 880 3445 1010 3486; x_wconf 91' lang='lat' dir='ltr'><strong>non</strong></span> <span class='ocrx_word' id='word_1_171' title='bbox 1044 3432 1180 3487; x_wconf 89' lang='lat' dir='ltr'><strong>tam</strong></span> <span class='ocrx_word' id='word_1_172' title='bbox 1215 3426 1474 3503; x_wconf 86' lang='lat' dir='ltr'><strong>prolixo</strong></span> <span class='ocrx_word' id='word_1_173' title='bbox 1505 3427 1812 3503; x_wconf 88' lang='lat' dir='ltr'><strong>prouolat</strong></span> <span class='ocrx_word' id='word_1_174' title='bbox 1847 3426 1985 3488; x_wconf 89' lang='lat' dir='ltr'><strong>ictu</strong></span> 
     </span>
     <span class='ocr_line' id='line_1_28' title="bbox 385 3535 2203 3613; baseline 0.003 -20"><span class='ocrx_word' id='word_1_175' title='bbox 385 3539 498 3594; x_wconf 87' lang='lat' dir='ltr'><strong>aut</strong></span> <span class='ocrx_word' id='word_1_176' title='bbox 534 3540 882 3610; x_wconf 90' lang='lat' dir='ltr'><strong>penetrare</strong></span> <span class='ocrx_word' id='word_1_177' title='bbox 917 3535 1088 3596; x_wconf 90' lang='lat' dir='ltr'><strong>locos</strong></span> <span class='ocrx_word' id='word_1_178' title='bbox 1125 3554 1326 3611; x_wconf 90' lang='lat' dir='ltr'><strong>aeque</strong></span> <span class='ocrx_word' id='word_1_179' title='bbox 1361 3535 1593 3612; x_wconf 88' lang='lat' dir='ltr'><strong>nequit</strong></span> <span class='ocrx_word' id='word_1_180' title='bbox 1631 3543 1747 3598; x_wconf 82' lang='lat' dir='ltr'><strong>aut</strong></span> <span class='ocrx_word' id='word_1_181' title='bbox 1782 3543 2203 3613; x_wconf 90' lang='lat' dir='ltr'><strong>penetratum</strong></span> 
     </span>
     <span class='ocr_line' id='line_1_29' title="bbox 385 3643 1903 3719; baseline 0.003 -17"><span class='ocrx_word' id='word_1_182' title='bbox 385 3661 573 3719; x_wconf 86' lang='lat' dir='ltr'><strong>aegre</strong></span> <span class='ocrx_word' id='word_1_183' title='bbox 612 3643 1010 3705; x_wconf 84' lang='lat' dir='ltr'><strong>admiscetur</strong></span> <span class='ocrx_word' id='word_1_184' title='bbox 1046 3644 1353 3706; x_wconf 88' lang='lat' dir='ltr'><strong>muliebri</strong></span> <span class='ocrx_word' id='word_1_185' title='bbox 1388 3645 1631 3708; x_wconf 89' lang='lat' dir='ltr'><strong>semine</strong></span> <span class='ocrx_word' id='word_1_186' title='bbox 1667 3666 1903 3708; x_wconf 91' lang='lat' dir='ltr'><strong>semen.</strong></span> 
     </span>
     <span class='ocr_line' id='line_1_30' title="bbox 354 3748 2254 3832; baseline 0.003 -21"><span class='ocrx_word' id='word_1_187' title='bbox 354 3748 536 3824; x_wconf 90' lang='lat' dir='ltr'><strong>(nam</strong></span> <span class='ocrx_word' id='word_1_188' title='bbox 569 3752 854 3814; x_wconf 90' lang='lat' dir='ltr'><strong>multum</strong></span> <span class='ocrx_word' id='word_1_189' title='bbox 887 3753 1266 3816; x_wconf 87' lang='lat' dir='ltr'><strong>harmoniae</strong></span> <span class='ocrx_word' id='word_1_190' title='bbox 1301 3754 1579 3816; x_wconf 90' lang='lat' dir='ltr'><strong>Veneris</strong></span> <span class='ocrx_word' id='word_1_191' title='bbox 1614 3754 1882 3817; x_wconf 87' lang='lat' dir='ltr'><strong>differre</strong></span> <span class='ocrx_word' id='word_1_192' title='bbox 1917 3755 2254 3832; x_wconf 87' lang='lat' dir='ltr'><strong>uidentur,</strong></span> 
     </span>
    </p>
   </div>
   <div class='ocr_carea' id='block_1_4' title="bbox 373 3881 899 4079">
    <p class='ocr_par' dir='ltr' id='par_1_5' title="bbox 373 3881 899 4079">
     <span class='ocr_line' id='line_1_31' title="bbox 373 3881 772 3943; baseline 0.008 -14"><span class='ocrx_word' id='word_1_193' title='bbox 373 3881 504 3930; x_wconf 84' lang='lat'>1222</span> <span class='ocrx_word' id='word_1_194' title='bbox 525 3883 668 3943; x_wconf 64' lang='lat' dir='ltr'><strong>vulg.</strong></span> <span class='ocrx_word' id='word_1_195' title='bbox 703 3884 772 3932; x_wconf 93' lang='lat' dir='ltr'><strong>ab</strong></span> 
     </span>
     <span class='ocr_line' id='line_1_32' title="bbox 374 3949 899 4011; baseline 0.006 -14"><span class='ocrx_word' id='word_1_196' title='bbox 374 3949 504 3999; x_wconf 84' lang='lat'>1243</span> <span class='ocrx_word' id='word_1_197' title='bbox 525 3951 669 4011; x_wconf 71' lang='lat' dir='ltr'><strong>vuly.</strong></span> <span class='ocrx_word' id='word_1_198' title='bbox 702 3952 899 4001; x_wconf 85' lang='lat' dir='ltr'><strong>abortu</strong></span> 
     </span>
     <span class='ocr_line' id='line_1_33' title="bbox 373 4017 786 4079; baseline 0.01 -16"><span class='ocrx_word' id='word_1_199' title='bbox 373 4017 505 4067; x_wconf 85' lang='lat'>1244</span> <span class='ocrx_word' id='word_1_200' title='bbox 524 4019 670 4079; x_wconf 67' lang='lat' dir='ltr'><strong>vulg.</strong></span> <span class='ocrx_word' id='word_1_201' title='bbox 700 4018 786 4068; x_wconf 88' lang='lat' dir='ltr'><strong>his</strong></span> 
     </span>
    </p>
   </div>
   <div class='ocr_carea' id='block_1_5' title="bbox 1374 4164 1521 4215">
    <p class='ocr_par' dir='ltr' id='par_1_6' title="bbox 1374 4164 1521 4215">
     <span class='ocr_line' id='line_1_34' title="bbox 1374 4164 1521 4215; baseline 0.014 -11"><span class='ocrx_word' id='word_1_202' title='bbox 1374 4164 1521 4215; x_wconf 84' lang='lat'>[161]</span> 
     </span>
    </p>
   </div>
   <div class='ocr_carea' id='block_1_6' title="bbox 2560 594 2694 643">
    <p class='ocr_par' dir='ltr' id='par_1_7' title="bbox 2560 594 2694 643">
     <span class='ocr_line' id='line_1_35' title="bbox 2560 594 2694 643; baseline 0 0"><span class='ocrx_word' id='word_1_203' title='bbox 2560 594 2694 643; x_wconf 91' lang='grc'>1220</span> 
     </span>
    </p>
   </div>
   <div class='ocr_carea' id='block_1_7' title="bbox 2560 1144 2696 1193">
    <p class='ocr_par' dir='ltr' id='par_1_8' title="bbox 2560 1144 2696 1193">
     <span class='ocr_line' id='line_1_36' title="bbox 2560 1144 2696 1193; baseline 0 -1"><span class='ocrx_word' id='word_1_204' title='bbox 2560 1144 2696 1193; x_wconf 85' lang='grc'>1225</span> 
     </span>
    </p>
   </div>
   <div class='ocr_carea' id='block_1_8' title="bbox 2561 1693 2695 1743">
    <p class='ocr_par' dir='ltr' id='par_1_9' title="bbox 2561 1693 2695 1743">
     <span class='ocr_line' id='line_1_37' title="bbox 2561 1693 2695 1743; baseline 0.015 -2"><span class='ocrx_word' id='word_1_205' title='bbox 2561 1693 2695 1743; x_wconf 88' lang='grc'>1230</span> 
     </span>
    </p>
   </div>
   <div class='ocr_carea' id='block_1_9' title="bbox 2561 2328 2696 2377">
    <p class='ocr_par' dir='ltr' id='par_1_10' title="bbox 2561 2328 2696 2377">
     <span class='ocr_line' id='line_1_38' title="bbox 2561 2328 2696 2377; baseline 0.007 -1"><span class='ocrx_word' id='word_1_206' title='bbox 2561 2328 2696 2377; x_wconf 86' lang='grc'>1235</span> 
     </span>
    </p>
   </div>
   <div class='ocr_carea' id='block_1_10' title="bbox 2561 2876 2696 2925">
    <p class='ocr_par' dir='ltr' id='par_1_11' title="bbox 2561 2876 2696 2925">
     <span class='ocr_line' id='line_1_39' title="bbox 2561 2876 2696 2925; baseline 0.007 -1"><span class='ocrx_word' id='word_1_207' title='bbox 2561 2876 2696 2925; x_wconf 82' lang='grc'>1240</span> 
     </span>
    </p>
   </div>
   <div class='ocr_carea' id='block_1_11' title="bbox 2559 3425 2695 3502">
    <p class='ocr_par' dir='ltr' id='par_1_12' title="bbox 2559 3425 2695 3502">
     <span class='ocr_line' id='line_1_40' title="bbox 2559 3425 2695 3502; baseline 0.022 -31"><span class='ocrx_word' id='word_1_208' title='bbox 2559 3425 2695 3502; x_wconf 34' lang='grc'>12415</span> 
     </span>
    </p>
   </div>
  </div>
 </body>
</html>
