3182 4602
1183 444 1244 493 T.
1281 443 1608 494 LVGRETI
1644 444 1822 495 CARI

436 664 517 721 ut
548 656 817 736 grauior
847 659 1047 737 paulo
1076 659 1282 737 possit
1309 660 1669 722 dissoluere
1701 680 1922 722 causa·
1968 699 1975 704 -

569 767 743 846 Quid
773 768 1040 831 dubitas
1068 770 1337 832 tandem
1367 770 1542 847 quin
1560 769 2049 848 extra-prodita
2074 790 2314 847 corpus
2340 826 2347 831 .

437 877 746 941 inbecilla
775 878 958 941 foras
985 878 1058 939 in
1088 884 1338 957 aperto,
1369 880 1655 957 tegmine
1688 881 1974 957 dempt0‚

436 1007 571 1050 non
599 989 793 1051 modo
820 1008 953 1051 non
985 1009 1240 1052 omnem
1270 978 1476 1067 possit
1507 990 1752 1053 durare
1784 1010 1905 1067 per
1936 1009 2183 1066 aeuom,

436 1098 550 1159 sed
579 1098 925 1161 minimum
956 1099 1238 1176 quoduis
1267 1106 1551 1176 nequeat
1581 1099 1933 1162 consistere
1964 1102 2267 1177 tempus?

351 1228 555 1271 —nec
586 1207 711 1270 sibi
743 1208 916 1272 enim
947 1208 1295 1285 quisquam
1325 1208 1613 1271 moriens
1641 1209 1886 1273 sentire
1917 1208 2188 1273 uidetur
2272 1267 2278 1276 .

436 1317 532 1379 ire
565 1317 750 1381 foras
780 1318 1066 1381 animam
1096 1318 1487 1381 incolumem
1516 1319 1600 1382 de
1632 1333 1902 1396 corpore
1933 1323 2077 1382 toto
2167 1340 2171 1347 ·

434 1448 553 1490 nec
583 1428 774 1506 prius
803 1429 889 1491 ad
919 1428 1223 1506 iugulum
1253 1434 1318 1491 et
1347 1447 1590 1506 supera
1621 1427 1965 1492 succedere
1996 1428 2241 1505 fauceS,

434 1557 667 1600 uerum
697 1537 970 1601 deficere
999 1538 1071 1599 in
1101 1546 1280 1601 certa
1309 1538 1574 1616 regione
1603 1539 1917 1615 locatam3

432 1654 509 1709 ut
538 1667 766 1710 sensus
797 1647 958 1711 alios
987 1647 1059 1709 in
1091 1648 1272 1726 parti
1302 1660 1625 1726 quemque
1656 1668 1775 1711 sua
1804 1648 1929 1712 scit

433 1756 724 1819 dissolui.
800 1759 976 1836 quod
1009 1757 1064 1820 si
1095 1758 1465 1821 inmortalis
1497 1765 1726 1821 nostra
1757 1758 1933 1821 foret
1962 1764 2179 1836 mens‚·

431 1887 563 1929 non
590 1873 729 1930 tam
755 1887 822 1931 se
848 1867 1134 1931 moriens
1163 1867 1435 1931 dissolui
1463 1875 1996 1945 conquereretur,

432 1977 544 2039 sed
574 1956 796 2055 magis·
813 1977 908 2039 ire
940 1977 1122 2039 foras
1152 1984 1529 2055 uestemque
1560 1978 1951 2056 relinquere,
1983 1983 2060 2041 ut
2090 1977 2345 2056 anguis,

555 2171 856 2248 Denique
892 2192 1010 2234 cur
1042 2172 1247 2234 animi
1280 2193 1641 2249 numquam
1675 2192 1857 2235 mens
1872 2215 1876 2219 -
1892 2172 2365 2251 consiliumque

431 2280 731 2358 gignitur
762 2280 832 2343 in
863 2280 1078 2359 capite
1109 2289 1225 2345 aut
1256 2282 1536 2360 pedibus
1564 2282 1973 2359 manibusue,
2002 2283 2115 2345 sed
2148 2282 2301 2346 unis

429 2392 691 2454 sedibus
727 2398 792 2454 et
825 2392 1024 2455 certis
1058 2392 1432 2470 regionibu'
1471 2393 1765 2471 corporis
1798 2394 2045 2469 haeret,

429 2501 483 2562 si
511 2521 644 2563 non
674 2508 855 2564 certa
884 2502 1025 2564 loca
1055 2503 1141 2564 ad
1169 2503 1869 2566 nascendum-reddita
1896 2503 2131 2580 cuique

427 2616 602 2687 sunt,
635 2616 700 2674 et
728 2610 845 2673 ubi
874 2611 1189 2689 quicquid
1222 2612 1428 2690 possit
1459 2613 1703 2676 durare
1736 2620 2063 2689 creatum3

428 2728 624 2798 atque
658 2720 755 2784 ita
785 2721 1192 2784 multimodis
1227 2722 1558 2800 perdoctis
1591 2723 1871 2784 artubus
1904 2743 2057 2799 esse,

425 2832 864 2893 membrorum
893 2837 971 2894 ut
1000 2852 1361 2909 numquam
1389 2831 1629 2894 existat
1660 2839 2126 2910 praeposterus
2157 2833 2359 2896 ordo?
2394 2819 2399 2822 ¹

349 2960 630 3024 —usque
662 2941 827 3004 adeo
855 2940 1154 3018 sequitur
1184 2962 1288 3004 res
1318 2963 1457 3004 rem
1487 2962 1699 3019 neque
1730 2941 1992 3004 flamma
2024 2942 2257 3006 creari-

426 3049 808 3113 fluminibus
840 3050 1096 3113 solitast
1127 3071 1338 3128 neque
1372 3051 1443 3112 in
1476 3051 1619 3128 igni
1652 3051 1911 3129 gignier
1946 3053 2149 3129 algor.

854 3327 953 3377 DE
985 3327 1353 3377 SENSIBVS
1385 3307 1697 3378 ANIMAE
1731 3328 1827 3378 ET
1860 3328 2099 3378 ANIMI

546 3414 900 3478 Praeterea
938 3416 994 3478 si
1031 3415 1401 3478 inmortalis
1440 3422 1687 3479 natura
1725 3411 2035 3507 animaist
2098 3419 2103 3424 ’

428 3529 487 3584 et
516 3523 759 3585 sentire
789 3532 1006 3602 potest
1034 3532 1283 3616 secreta
1314 3547 1352 3588 a
1383 3546 1655 3604 corpore
1686 3513 1928 3603 nostro,

428 3633 730 3710 quinque,
764 3639 840 3697 ut
873 3634 1125 3712 opinor,
1158 3657 1299 3698 eam
1331 3635 1725 3699 faciundum
1756 3643 1852 3699 est
1883 3621 2179 3699 sensibus
2212 3644 2507 3713 auctam3

425 3760 538 3804 nec
568 3743 824 3806 ratione
857 3743 990 3807 alia
1017 3751 1270 3807 nosmet
1304 3765 1670 3823 proponere
1703 3745 1917 3808 nobis'

425 3870 766 3926 possumus
797 3853 1098 3917 infernas
1121 3854 1388 3918 'animas
1419 3842 2090 3938 Acherunte‘uagari.

445 3983 542 4032 617
562 3983 812 4034 omnibus

445 4049 541 4100 620
560 4067 662 4116 per
689 4052 832 4103 totis
895 4054 1041 4115 vuly.
1073 4053 1299 4117 partitis

1406 4226 1553 4278 [101]

2647 986 2751 1035 605

2645 1536 2746 1585 610

2640 2169 2744 2218 615

2636 2719 2737 2770 620
2774 2793 2777 2796 ‚

2631 3526 2735 3575 625
