3182 4602
1131 429 1192 479 T.
1233 429 1560 481 LVGRETI
1600 430 1779 484 CARI

384 662 504 719 per
535 643 743 705 malos
771 633 1042 721 uolgata
1072 627 1420 722 trabesque
1452 645 1806 712 trementia
1838 646 2153 722 fluctant;

355 753 668 829 (namque
703 752 796 816 ibi
828 773 1196 817 consessum
1231 754 1458 818 caueai
1493 762 1726 833 supter
1757 761 1821 828 et
1856 775 2110 819 omnem

383 861 644 924 scaenai
673 862 972 940 speciem,
1005 870 1274 941 patrum
1305 871 1689 942 coetumque
1720 866 2028 936 decorum
2091 852 2103 865 ⁰

385 970 693 1036 inficiunt
726 979 1098 1050 coguntque
1134 994 1254 1036 suo
1285 973 1550 1039 fluitare
1586 973 1816 1037 colore.
1864 1035 1868 1041 ,
1963 1037 1967 1041 ,

385 1087 448 1143 et
481 1088 731 1158 quanto
764 1082 1012 1145 circum
1042 1103 1229 1161 mage
1263 1090 1420 1153 sunt
1453 1084 1750 1167 inclausa
1784 1083 2043 1147 theatri.

385 1191 831 1267 moenia,'tam
863 1192 1072 1270 magis
1103 1193 1263 1256 haec
1295 1193 1478 1256 intus
1511 1191 1787 1271 perfusa
1820 1193 2042 1271 lepore

385 1300 604 1364 omnia
640 1301 987 1364 conrident
1021 1310 1326 1380 correpta
1360 1303 1503 1365 11103
1541 1301 1736 1379 diei).

385 1430 540 1487 crgo
566 1410 774 1474 lintea
803 1412 884 1475 de
915 1405 1169 1474 summo
1197 1408 1345 1474 cum
1376 1432 1647 1489 corpore
1678 1412 1909 1475 fucum

381 1519 681 1597 mittunt,
715 1520 960 1598 effigias
994 1541 1250 1598 quoque
1281 1522 1521 1584 debent
1553 1521 2071 1584 mittere'tenuis

384 1649 487 1692 res
521 1649 837 1707 quaeque,
871 1652 950 1693 ex
982 1651 1235 1693 summo
1267 1631 1577 1708 quoniam
1613 1631 1993 1694 iaculantur
2025 1637 2328 1709 utraque.

302 1743 537 1800 —sunt
573 1738 782 1816 igitur
817 1739 948 1802 iam
985 1740 1352 1802 formarum
1389 1741 1674 1818 uestigia
1706 1748 1884 1804 certa

383 1868 550 1924 quae
582 1850 780 1926 uolgo
810 1849 1097 1913 uolitant
1131 1848 1366 1927 suptili
1399 1850 1706 1928 praedita
1739 1850 1850 1912 fflo

383 1977 501 2019 nec
537 1957 926 2035 singillatim
962 1967 1238 2037 possunt
1275 1960 1795 2022 secretauideri.

303 2074 728 2143 —praeterea
762 2068 971 2131 omnis
1003 2046 1163 2131 odor
1198 2068 1423 2159 fumus
1455 2090 1670 2147 uapor
1694 2071 1901 2147 'atque
1936 2068 2103 2133 aliae
2136 2090 2241 2133 res

385 2176 749 2240 consimiles
777 2160 925 2240 ideo
953 2178 1191 2240 diffuse
1219 2180 1414 2269 rebus
1445 2180 1808 2254 abundant,
2047 2262 2051 2269 ι

384 2306 462 2348 ex
496 2288 630 2350 alto
665 2287 821 2365 quia
856 2289 1014 2351 dum
1048 2288 1348 2366 ueniunt,
1385 2289 1791 2352 extrinsecus
1827 2295 2007 2352 ortae

383 2396 781 2486 scinduntur
813 2419 932 2476 per
966 2398 1093 2461 iter
1125 2399 1386 2474 flexum,
1421 2419 1539 2462 nec
1573 2407 1754 2465 recta
1786 2400 2051 2462 uiarum

385 2507 550 2570 ostia
584 2497 744 2570 sunt
775 2528 908 2584 qua
940 2487 1342 2570 contendant
1377 2508 1554 2572 exire
1590 2516 1867 2572 coortae.

303 2622 451 2678 —at
486 2623 718 2680 contra
750 2617 970 2680 tenuis
1004 2618 1240 2680 summi
1274 2619 1655 2680 membrana
1688 2619 1922 2680 coloris

384 2746 532 2788 cum
565 2725 827 2803 iacitur,
864 2726 1032 2788 nihil
1067 2733 1163 2790 est
1199 2729 1374 2804 quod
1410 2723 1958 2805 eam'discerpere
1995 2713 2218 2818 possit,

363 2834 454 2896 ’111
481 2843 798 2914 promptu
830 2836 1139 2913 quoniam
1171 2845 1266 2900 est
1297 2836 1367 2898 in
1398 2837 1616 2915 prima
1647 2828 1869 2900 fronte
1900 2838 2133 2901 locata.

1135 2943 1235 2992 DE
1283 2943 1753 2994 IMAGINIBVS

304 3037 711 3106 —postremo
744 3031 1028 3108 speculis
1059 3031 1129 3092 in
1162 3053 1333 3109 aqua
1365 3033 1842 3110 splendoreque
1877 3033 1947 3094 in
1981 3032 2157 3095 omni

383 3159 830 3217 quaecumque
862 3148 1190 3218 apparent
1221 3141 1408 3203 nobis
1439 3142 1809 3218 simulacra,
1843 3144 2198 3219 necessest,‘

385 3249 916 3326 quandoquidem
951 3250 1148 3311 simili
1181 3251 1393 3328 specie
1427 3258 1583 3324 sunt
1617 3251 1922 3329 praedita
1955 3272 2177 3314 rerum

384 3379 461 3420 ex
506 3369 569 3430 <
581 3368 730 3429 ea>
777 3358 1176 3436 imaginibus
1211 3359 1424 3422 missis
1462 3360 1813 3423 consistere
1852 3381 2095 3424 eorum.

359 3467 535 3544 [nam
569 3489 689 3530 cur
723 3468 838 3531 illa
870 3470 1112 3531 cadant
1145 3469 1353 3547 magis
1387 3471 1468 3532 ab
1502 3471 1826 3547 rebusque
1860 3471 2171 3532 recedant

384 3597 578 3654 quam
618 3599 785 3656 quae
823 3578 1052 3640 tenuia
1089 3586 1245 3640 sunt
1280 3579 1641 3642 hiscendist
1678 3579 1865 3642 nulla
1902 3580 2240 3658 potestas]

304 3692 538 3748 —sunt
571 3687 781 3764 igitur
813 3693 1044 3749 tenues
1076 3686 1442 3750 formarum
1477 3687 1951 3764 dissimilesque

436 3817 500 3866 77
522 3817 657 3879 fort.
695 3816 931 3867 uolitata
1074 3818 1218 3879 ναῖς.
1267 3817 1471 3868 flutant

440 3884 505 3933 79
526 3884 661 3945 fort.
693 3888 1048 3949 matrumque
1080 3885 1334 3934 decorem

439 3953 502 4001 91
524 3952 671 4013 vulg.
705 3951 947 4002 diffusae
984 3954 1143 4010 <e>

406 4019 504 4068 101
525 4019 626 4068 alii
651 4020 762 4068 alia

406 4087 506 4136 104
526 4087 625 4136 alii
653 4087 766 4136 alia

1373 4225 1521 4276 [121]

2630 971 2696 1020 80

2629 1520 2696 1569 85

2628 2067 2694 2116 90

2628 2617 2696 2664 95

2595 3251 2695 3299 100
