3182 4602
1095 425 1197 475 DE
1232 425 1497 475 RERVM
1531 424 1841 475 NATVRA
1882 426 1983 475 111

507 634 611 697 uis
642 635 847 699 animi
876 636 1131 715 pariter
1161 638 1395 703 crescit
1425 659 1576 702 cum
1605 659 1879 717 corpore
1910 642 2209 717 quoque!

511 745 703 824 Quod
733 746 789 808 si
819 746 1190 811 inmortalis
1217 747 1397 812 foret
1423 754 1489 813 et
1518 756 1779 813 mutare
1808 750 2049 813 soleret

509 875 805 934 corpora,
842 858 1190 935 permixtis
1223 857 1593 922 animantes
1622 858 1915 922 moribus
1950 864 2185 937 essent,

509 966 830 1044 effugeret
861 967 1043 1029 canis
1073 968 1391 1045 Hyrcano
1421 969 1502 1032 de
1533 968 1777 1032 semine
1808 989 2001 1047 saepe
2722 964 2818 1014 750

509 1075 837 1154 cornigeri
869 1076 1208 1140 incursum
1241 1077 1422 1140 cerui
1454 1085 1893 1155 tremeretque
1926 1098 2045 1157 per
2078 1098 2275 1142 auras

511 1186 681 1249 aeris
714 1186 1030 1265 accipiter
1061 1186 1329 1265 fugiens
1360 1188 1670 1252 ueniente
1701 1189 2019 1265 columba,

511 1295 887 1375 desiperent
919 1297 1232 1374 homines,
1267 1305 1576 1376 saperent
1609 1297 1760 1361 fera
1790 1298 2005 1362 saecla
2035 1297 2352 1361 ferarum.

507 1406 680 1468 illud
711 1406 885 1470 enim
918 1406 1090 1471 falsa
1121 1406 1342 1470 fertur
1373 1408 1649 1485 ratione,
1682 1409 1859 1485 quod
1890 1408 2080 1471 aiunt

510 1515 925 1579 inmortalem
958 1517 1247 1580 animam
1276 1524 1533 1581 mutato
1565 1538 1836 1597 corpore
1870 1518 2063 1580 flecti.
2724 1514 2820 1563 755

480 1626 688 1703 (quod
732 1633 1033 1689 mutatur
1077 1627 1251 1689 6111111
1294 1627 1702 1704 dissoluitur,
1745 1627 1977 1690 interit
2020 1628 2227 1706 erg0.)

511 1735 917 1799 traiciuntur
948 1736 1121 1799 enim
1153 1744 1376 1815 partes
1407 1744 1605 1815 atque
1639 1736 1869 1799 ordine
1900 1737 2211 1815 migrant.

425 1865 716 1922 —quare
747 1845 1019 1908 dissolui
1048 1865 1305 1924 quoque
1336 1847 1575 1909 debent
1607 1866 1793 1924 posse
1824 1867 1944 1924 per
1975 1853 2181 1923 artus,

510 1954 794 2031 denique
823 1963 900 2018 ut
931 1955 1262 2019 intereant
1291 1976 1428 2018 una
1459 1976 1607 2018 611111
1640 1976 1910 2034 corpore
1942 1962 2234 2019 cunctae.

515 2064 623 2127 Sic
658 2065 910 2127 animas
942 2066 1282 2128 hominum
1318 2066 1538 2128 dicent
1574 2066 1647 2128 in
1682 2085 1960 2144 corpora
1990 2085 2247 2143 semper
2726 2062 2822 2111 760

510 2174 609 2235 116
639 2176 932 2237 humana
949 2201 965 2251 ;
996 2180 1216 2237 tamen
1247 2195 1559 2252 quaeram
1590 2196 1709 2238 cur
1740 2196 1772 2237 e
1802 2175 2089 2253 sapienti

514 2285 722 2348 stulta
755 2291 953 2361 queat
985 2283 1147 2362 fieri,
1182 2305 1301 2348 nec
1334 2286 1631 2363 prudens
1666 2285 1752 2349 sit
1786 2307 1953 2364 puer
1985 2285 2184 2362 uHUS,

485 2395 568 2472 [si
597 2414 731 2457 non
762 2401 942 2458 certa
969 2415 1089 2457 suo
1117 2395 1275 2472 quia
1303 2395 1544 2459 semine
1576 2395 2005 2474 seminioque]

513 2524 632 2567 nec
661 2510 799 2566 tam
829 2505 1061 2568 doctus
1089 2525 1292 2582 equae
1324 2506 1548 2583 pullus
1580 2526 1777 2583 quam
1808 2504 2007 2567 fortis
2036 2505 2188 2582 equi
2216 2504 2341 2567 uis.

513 2614 759 2676 scilicet
791 2614 861 2674 in
891 2621 1120 2677 tenero
1147 2622 1552 2678 tenerascere
1584 2635 1855 2693 corpore
1886 2621 2169 2677 mentem
2727 2611 2824 2661 765

515 2723 921 2800 confugient.
994 2725 1168 2800 quod
1199 2724 1255 2786 si
1285 2725 1415 2787 iam
1443 2724 1540 2801 fit,
1572 2724 1828 2787 fateare
1857 2731 2177 2787 necessest

512 2834 855 2896 mortalem
885 2853 1017 2895 esse
1048 2834 1352 2910 animam,
1385 2833 1696 2911 quoniam
1724 2841 1984 2897 mutata
2013 2855 2131 2912 per
2161 2840 2347 2896 artus

513 2950 704 3006 tanto
734 2963 928 3021 opere
961 2943 1209 3007 amittit
1237 2944 1448 3006 uitam
1480 2964 1870 3020 sensumque
1903 2943 2210 3021 priorem.

516 3053 743 3132 Quoue
775 3054 970 3114 modo
999 3053 1245 3131 poterit
1279 3053 1532 3131 pariter
1566 3074 1715 3116 cum
1750 3072 2020 3130 corpore
2056 3072 2312 3131 quoque

514 3163 902 3226 confirmata
933 3162 1233 3240 cupitum
1267 3163 1503 3226 aetatis
1536 3169 1809 3240 tangere
1842 3162 2067 3225 florem
2727 3161 2823 3210 770

511 3273 617 3336 uis
650 3272 872 3350 animi,
904 3272 1034 3334 nisi
1067 3272 1192 3335 erit
1224 3292 1486 3334 consors
1519 3272 1589 3333 in
1622 3271 1874 3350 origine
1908 3272 2166 3349 prima?

515 3383 776 3462 Quidue
813 3381 996 3444 foras
1027 3382 1153 3444 sibi
1187 3383 1337 3444 uult
1371 3381 1681 3446 membris
1714 3381 1891 3444 exire
1923 3381 2245 3444 senectis?

513 3514 600 3556 an
627 3493 865 3555 metuit
895 3492 1200 3554 conclusa
1229 3511 1491 3553 manere
1517 3491 1595 3553 -111
1624 3511 1895 3569 corpore
1927 3491 2115 3569 putri

515 3610 578 3666 et
612 3604 842 3665 domus
875 3601 1112 3665 aetatis
1145 3601 1362 3680 spatio
1391 3623 1474 3664 ne
1509 3601 1687 3664 fessa
1717 3608 1982 3664 uetusto

449 3723 460 3748 ³
491 3715 751 3776 'obruat
769 3717 950 3775 ‘3—at
981 3731 1114 3774 non
1143 3717 1301 3773 sunt
1331 3711 1689 3774 immortali
1716 3712 1857 3774 ulla
1888 3710 2155 3788 pericla.
2190 3753 2193 3758 ·
2725 3708 2822 3758 775

514 3846 614 3894 760
633 3845 778 3905 vuly.
815 3843 900 3894 sin
939 3844 1072 3906 fort.
1113 3843 1203 3893 Sic
1242 3880 1255 3892 .
1295 3879 1307 3892 .
1347 3877 1364 3892 .
1396 3843 1446 3892 ‘si
1482 3843 1758 3892 hominum
1836 3853 1841 3858 “

515 3913 616 3963 764
636 3913 770 3975 fort.
805 3911 984 3976 pollus

1513 4186 1663 4237 [106]
1758 4223 1761 4226 .
