3182 4602
1123 414 1226 465 DE
1261 414 1526 465 RERVM
1562 413 1871 464 NATVRA
1910 414 1999 463 11⁷

539 629 800 707 attinet,
835 650 970 693 esse
1006 650 1082 694 ea
1116 650 1282 708 quae
1317 650 1540 693 rerum
1573 629 1928 693 simulacra
1960 649 2271 693 uocamus
2290 620 2320 692 ε’

539 759 706 817 quae
742 739 932 817 quasi
965 741 1381 803 membranae
1417 740 1522 801 vel
1557 746 1782 803 cortex
1818 739 2360 816 nominitandast,

539 850 715 927 quod
749 850 1030 929 speciem
1064 870 1140 913 ac
1173 849 1456 913 formam
1490 849 1769 913 similem
1802 848 1973 927 gerit
2008 848 2149 913 eius
2181 848 2401 926 imago

537 959 1004 1037 cuiuscumque
1037 959 1212 1022 cluet
1247 960 1327 1023 de
1361 978 1633 1039 corpore
1669 958 1825 1022 fusa
1854 954 2154 1044 uagari.{1

666 1320 1010 1399 Principio
1046 1322 1356 1400 quoniam
1393 1323 1672 1386 mittunt
1710 1323 1781 1384 in
1818 1324 2015 1386 rebus
2050 1322 2300 1402 apertis

540 1450 818 1508 corpora
850 1451 954 1494 res
983 1431 1250 1508 multae,
1285 1432 1532 1511 partim
1566 1432 1812 1496 diffusa
1842 1432 2071 1507 solute,

540 1541 776 1603 robora
806 1560 924 1604 ceu
958 1540 1218 1604 fumum
1249 1541 1528 1604 mittunt
1563 1541 1875 1619 ignesque
1908 1561 2243 1621 uaporem,

542 1656 608 1713 et
642 1649 890 1727 partim
924 1657 1232 1714 contexta
1263 1651 1473 1729 magis
1507 1652 1982 1728 condensaque,
2019 1658 2097 1715 ut
2131 1650 2287 1714 olim

540 1779 689 1821 cum
717 1759 946 1822 teretis
975 1767 1235 1837 ponunt
1263 1760 1524 1823 tunicas
1555 1767 1802 1824 aestate
1834 1760 2114 1837 cicadae,

541 1876 605 1932 et
637 1868 839 1932 uituli
869 1890 1018 1932 cum
1047 1872 1461 1933 membranas
1487 1871 1570 1934 de
1602 1890 1873 1948 corpore
1906 1891 2160 1933 summo

542 1984 881 2041 nascentes
912 1979 1210 2055 mittunt,
1245 1986 1310 2042 et
1342 1979 1498 2042 item
1531 2000 1681 2042 cum
1712 1980 1971 2043 lubrica
2001 2000 2269 2058 serpens

541 2087 724 2151 exuit
756 2088 828 2149 in
859 2088 1068 2166 spinis
1099 2095 1348 2152 uestem
1391 2089 1577 2165 (nam
1610 2110 1803 2167 saepe
1834 2088 2136 2153 uidemus

540 2197 806 2260 illorum
841 2197 1070 2275 spoliis
1103 2218 1341 2276 uepres
1375 2199 1815 2263 uolitantibus
1848 2200 2107 2275 auctas)
2139 2225 2152 2261 ε

456 2329 710 2385 —quae
745 2308 1056 2385 quoniam
1091 2309 1280 2385 fiunt,
1317 2310 1535 2373 tenuis
1571 2306 1829 2387 quoque
1864 2311 2055 2373 debet
2092 2310 2307 2388 imago

542 2419 623 2481 ab
656 2420 850 2480 rebus
878 2418 1058 2480 mitti
1087 2439 1341 2482 summo
1370 2421 1450 2481 de
1483 2439 1753 2497 corpore
1788 2439 2028 2481 rerum.

542 2547 696 2590 nam
727 2548 847 2590 cur
875 2528 991 2591 illa
1021 2529 1265 2592 cadant
1295 2528 1504 2606 magis
1533 2530 1616 2592 ab
1648 2531 1971 2606 rebusque
2002 2530 2314 2592 recedant

544 2656 741 2714 quam
773 2657 938 2714 quae
970 2637 1199 2701 tenuia
1231 2645 1405 2714 sunt,
1438 2638 1799 2700 hiscendist
1831 2639 2018 2702 nulla
2051 2645 2373 2716 potestas;

545 2746 934 2824 praesertim
963 2767 1112 2809 cum
1140 2747 1276 2810 sint
1305 2747 1377 2808 in
1407 2747 1677 2810 summis
1709 2767 1988 2826 corpora
2017 2749 2212 2812 rebus

542 2857 754 2919 multa
787 2856 1064 2930 minuta,
1101 2848 1236 2919 iaci'
1259 2877 1424 2934 quae
1458 2857 1712 2934 possint
1747 2857 1977 2919 ordine
2012 2858 2234 2919 eodem

545 2985 675 3042 quo
708 2965 965 3028 fuerint
999 2972 1062 3030 et
1098 2965 1340 3029 formai
1374 2965 1650 3030 seruare
1674 2967 1974 3044 figuram,

544 3081 609 3138 et
640 3076 851 3138 multo
880 3075 1094 3152 citius,
1128 3083 1378 3153 quanto
1407 3075 1628 3138 minus
1659 3076 2044 3154 indupediri

545 3205 757 3262 pauca
791 3191 1042 3262 queunt
1077 3192 1140 3248 et
1183 3195 1246 3256 <
1257 3185 1462 3256 iam>
1506 3192 1663 3248 sunt
1697 3185 1914 3264 prima
1949 3185 2171 3249 fronte
2204 3187 2435 3249 locata.

545 3315 698 3358 nam
729 3301 901 3357 certe
935 3294 1144 3358 iacere
1179 3315 1252 3358 ac
1284 3295 1520 3372 largiri
1549 3297 1761 3358 multa
1792 3295 2113 3371 uidemus,

545 3424 679 3467 non
710 3405 919 3466 solum
952 3426 1031 3467 ex
1063 3405 1200 3467 alto
1229 3404 1644 3482 penitusque,
1679 3410 1756 3467 ut
1790 3404 2077 3467 diximus
2110 3412 2282 3481 ante,

546 3533 780 3576 uerum
811 3514 892 3575 de
924 3513 1194 3577 summis
1226 3513 1444 3591 ipsum
1478 3534 1735 3591 quoque
1767 3533 1959 3592 saepe
1993 3514 2289 3577 colorem.

547 3629 609 3685 et
641 3623 836 3700 uolgo
865 3622 1125 3685 faciunt
1157 3622 1227 3685 id
1258 3623 1442 3686 lutea
1470 3643 1787 3700 russaque
1816 3623 1967 3686 uela

546 3739 610 3795 et
644 3731 1010 3809 ferrugina,
1044 3753 1193 3794 cum
1223 3732 1482 3809 magnis
1512 3732 1771 3796 intenta
1802 3716 2082 3795 theatris

603 3865 668 3913 63
691 3864 824 3925 fort.
856 3863 1016 3913 debet
1046 3862 1227 3913 tenuis

603 3933 666 3982 '71
688 3931 832 3992 vuly.
872 3933 1146 3995 <quae>

581 3999 671 4050 ‚⁷2
692 3999 826 4061 fort.
863 3999 937 4049 ad
972 3999 1213 4050 iaculari
1250 4000 1401 4050 acies
1437 3999 1721 4064 permulta

1537 4183 1697 4238 [1201‘

2782 627 2844 676 50

2787 1428 2851 1477 55

2788 1976 2853 2025 60

2790 2527 2856 2575 65

2793 3073 2856 3123 70

2792 3621 2856 3671 75
