3182 4602
1182 447 1285 498 DE
1320 446 1587 498 RERVM
1622 445 1932 496 NATVRA
1970 444 2058 496 IV

596 683 781 741 reges
817 670 1223 743 expugnant,
1260 662 1640 742 capiuntur,
1680 660 1933 741 proelia
1966 660 2261 752 miscent.

595 774 842 836 tollunt
879 773 1226 836 clamorem
1261 772 1450 850 quasi
1485 772 1542 834 si
1578 772 1969 849 iugulentur
2003 770 2265 833 ibidem.

595 883 790 945 multi
822 883 1212 962 depugnant
1241 882 1653 960 gemitusque
1685 880 2020 944 doloribus
2052 880 2259 944 edunt

598 998 662 1055 et
698 991 888 1070 quasi
926 991 1288 1069 pantherae
1325 1010 1548 1053 morsu
1583 977 1850 1053 saeuiue
1887 988 2094 1052 leonis

595 1102 1005 1164 mandantur
1032 1099 1290 1179 magnis
1321 1100 1719 1163 clamoribus
1748 1098 1969 1162 omnia
2000 1099 2348 1178 complent.

597 1210 792 1274 multi
825 1211 906 1274 de
939 1210 1196 1287 magnis
1229 1229 1348 1287 per
1380 1229 1681 1272 somnum
1712 1208 1903 1271 rebu'
1936 1210 2296 1285 loquontur

598 1319 972 1397 indicioque
1008 1319 1113 1382 sui
1152 1319 1319 1382 facti
1358 1337 1672 1398 persaepe
1711 1317 1920 1381 fuere.

596 1430 794 1493 multi
825 1436 1100 1493 mortem
1132 1430 1396 1492 obeunt.
1470 1428 1685 1504 multi,
1721 1429 1802 1491 de
1835 1427 2169 1490 montibus
2201 1426 2353 1490 altis

597 1547 675 1603 ut
711 1540 826 1617 qui
861 1538 1304 1618 praecipitent
1340 1539 1426 1601 ad
1461 1543 1712 1601 terram
1748 1556 2019 1615 corpore
2054 1543 2213 1613 tot0,

599 1655 1018 1711 exterrentur
1049 1655 1114 1711 et
1146 1668 1225 1710 ex
1257 1667 1480 1711 somno
1513 1647 1703 1725 quasi
1736 1646 2061 1709 mentibu'
2096 1645 2278 1725 capti

596 1758 717 1821 uix
747 1760 833 1822 ad
865 1778 932 1821 se
963 1759 1246 1821 redeunt
1278 1757 1561 1835 permoti
1593 1756 1887 1835 corporis
1921 1762 2125 1819 aestu.

598 1869 842 1932 flumen
876 1868 1033 1930 item
1067 1867 1296 1930 sitiens
1333 1874 1450 1930 aut
1485 1866 1739 1929 fontem
1774 1872 2049 1944 propter
2084 1885 2428 1929 amoenum

600 1978 859 2041 adsidet
891 1985 955 2041 et
987 1983 1201 2041 totum
1236 1996 1442 2054 prope
1476 1976 1785 2039 faucibus
1818 1981 2096 2053 occupat
2130 1994 2407 2038 amnem.

600 2087 756 2166 puri
784 2108 977 2166 saepe
1004 2088 1220 2150 lacum
1248 2093 1524 2165 propter
1551 2086 1608 2148 si
1637 2106 1712 2148 ac
1742 2085 1919 2148 dolia
1949 2091 2141 2148 curta

599 2217 826 2260 somno
855 2196 1150 2259 deuincti
1184 2197 1466 2259 credunt
1498 2215 1565 2257 se
1600 2196 1909 2258 extollere
1942 2201 2210 2271 uestem,

600 2307 805 2372 totius
844 2327 1137 2371 umorem
1177 2314 1510 2370 saccatum
1551 2305 1841 2384 eorpori'
1882 2304 2203 2382 fundunt,

597 2437 748 2480 cum
785 2418 1194 2494 Babylonica
1226 2417 1576 2495 magnifico
1610 2417 1959 2494 splendore
1996 2416 2324 2493 rigantur.

1265 2523 1364 2578 DE
1408 2523 1655 2572 REBVS
1696 2521 2054 2572 VENERIIS

602 2616 743 2674 tum
774 2612 1015 2689 quibus
1045 2612 1281 2675 aetatis
1313 2611 1490 2674 freta
1521 2611 1834 2690 primitus
1866 2610 2249 2673 insinuatur

599 2741 836 2798 semen,
868 2721 983 2784 ubi
1016 2721 1163 2800 ipsa
1194 2721 1334 2784 dies
1365 2720 1673 2784 membris
1704 2726 1970 2783 matura
2001 2719 2273 2795 creauit,

598 2831 1005 2894 conueniunt
1041 2831 1394 2893 simulacra
1430 2829 1597 2893 foris
1634 2852 1667 2893 e
1704 2849 1975 2907 corpore
2012 2848 2270 2907 quoque

598 2940 840 3003 nuntia
876 2940 1204 3018 praeclari
1239 2941 1464 3002 uoltus
1498 2939 1891 3018 pulchrique
1929 2939 2181 3016 coloris,

600 3050 715 3127 qui
745 3050 872 3113 ciet
903 3049 1188 3113 inritans
1218 3051 1360 3113 loca
1389 3049 1665 3127 turgida
1694 3048 1936 3110 semine
1966 3049 2195 3125 mult0,

598 3167 674 3222 ut
711 3160 899 3237 quasi
935 3159 1289 3222 transactis
1324 3179 1516 3236 saepe
1552 3157 1848 3220 omnibu'
1887 3157 2077 3220 rebu'
2116 3155 2539 3235 profundant

600 3269 892 3332 fluminis
923 3268 1211 3346 ingentis
1242 3267 1486 3331 fluctus
1515 3272 1892 3343 uestemque
1927 3273 2295 3334 eruentem,

727 3563 1142 3627 Sollicitatur
1174 3563 1244 3625 id
1289 3562 1507 3634 <in>
1551 3560 1758 3638 nobiS‚
1795 3561 1968 3638 quod
2004 3559 2292 3623 diximus
2328 3566 2500 3654 ante,

601 3693 836 3750 semen,
873 3674 1106 3736 adulta
1139 3678 1317 3768 aetas
1352 3693 1499 3734 cum
1534 3671 1825 3748 primum
1860 3671 2127 3733 roborat
2162 3677 2365 3732 artus,

569 3783 885 3860 (namque
917 3782 1080 3846 alias
1111 3782 1293 3844 aliud
1328 3801 1431 3844 res
1463 3786 1825 3844 commouet
1858 3786 2056 3856 atque
2087 3778 2380 3855 lacessit3

590 3914 723 3964 1013
747 3915 881 3976 fort.
913 3927 1072 3964 arces

591 3982 724 4031 1022
747 3984 1113 4032 exterruntur

592 4050 726 4098 1026
748 4051 880 4111 fort.
912 4047 1032 4112 poti

1550 4227 1558 4236 ⁰
1591 4216 1738 4267 [154]

2778 874 2912 923 1015

2780 1422 2912 1472 1020

2783 1970 2913 2020 1025

2782 2605 2911 2654 1030

2781 3152 2909 3201 1035
