3182 4602
1153 421 1256 471 DE
1291 420 1558 471 RERVM
1593 419 1901 471 NATVRA
1940 420 2029 469 IV

565 634 835 713 effigiae,
868 634 1258 713 singillatim
1290 656 1454 713 quas
1485 655 1751 699 cernere
1782 655 1975 698 nemo

567 765 716 807 cum
748 744 972 822 possit,
1005 751 1226 808 tamen
1259 744 1538 808 adsiduo
1564 746 1921 823 crebroque
1953 746 2227 823 repulsu

565 854 844 917 reiectae
874 838 1168 918 reddunt
1197 854 1614 932 speculorum
1645 874 1725 919 ex
1755 874 2035 932 aequore
2065 854 2302 931 uisum,

565 983 684 1027 nec
718 963 974 1027 ratione
1007 963 1138 1027 alia
1169 964 1424 1027 seruari
1456 984 1642 1041 posse
1674 963 2012 1041 uidentur,

565 1080 756 1136 tanto
787 1093 981 1152 opere
1013 1080 1090 1136 ut
1121 1073 1364 1136 similes
1397 1074 1769 1153 reddantur
1800 1072 2037 1151 cuique
2066 1072 2337 1151 figurae.

691 1352 883 1415 Nunc
915 1372 1034 1430 age
1067 1373 1264 1429 quam
1294 1352 1482 1414 tenui
1513 1359 1757 1415 natura
1789 1358 2041 1415 constet
2073 1352 2289 1430 imago

566 1461 850 1539 percipe.
925 1469 991 1525 et
1022 1461 1093 1522 in
1123 1462 1374 1539 primis,
1408 1461 1720 1539 quoniam
1753 1462 2121 1539 primordia
2148 1469 2413 1525 tantum

564 1578 723 1634 sunt
753 1570 939 1634 infra
966 1578 1224 1634 nostros
1254 1591 1480 1633 sensus
1511 1577 1829 1649 tantoque
1860 1571 2117 1635 minora

566 1701 763 1758 quam
793 1701 960 1757 quae
992 1680 1282 1758 primum
1315 1681 1488 1743 oculi
1519 1688 1831 1759 coeptant
1861 1701 1994 1743 non
2026 1701 2211 1759 posse
2242 1680 2439 1758 tueri,

565 1809 742 1852 nunc
774 1796 997 1853 tamen
1031 1790 1098 1851 id
1135 1810 1391 1868 quoque
1426 1790 1528 1853 uti
1563 1790 1957 1867 confirmem,
1994 1790 2263 1853 exordia
2295 1810 2519 1853 rerum

565 1906 954 1962 cunctarum
985 1920 1183 1977 quam
1214 1899 1348 1962 sint
1379 1900 1657 1977 suptilia
1686 1900 1952 1978 percipe
1984 1900 2231 1978 pauciS.

1023 2006 1245 2071 QVAM
1291 2007 1551 2056 PARVA
1600 2007 1775 2057 SINT
1824 2006 2220 2055 ANIMALIA

477 2094 854 2171 —primum
887 2094 1200 2158 animalia
1233 2102 1388 2158 sunt
1423 2096 1554 2158 iam
1588 2095 1835 2173 partim
1867 2096 2148 2172 tantula,
2183 2115 2409 2158 corum

561 2204 766 2267 tertia
796 2225 953 2282 pars
985 2206 1175 2267 nulla
1205 2206 1411 2283 possit
1444 2205 1700 2267 ratione
1734 2204 1969 2267 uideri.

561 2316 798 2377 horum
831 2314 1220 2378 intestinum
1253 2315 1534 2392 quoduis
1566 2316 1759 2393 quale
1794 2335 1928 2378 3333
1962 2317 2435 2393 putandumst!

563 2424 724 2502 quid
758 2424 976 2487 cordis
1005 2425 1235 2502 globus
1268 2433 1386 2488 aut
1415 2425 1631 2488 oculi?
1664 2425 1826 2503 quid
1858 2427 2191 2488 membra?
2223 2425 2385 2503 quid
2417 2429 2649 2489 artus?

563 2535 888 2611 quantula
919 2537 1108 2597 sunt!
1142 2535 1303 2612 quid
1338 2541 1681 2612 praeterea
1713 2534 2081 2612 primordia
2114 2555 2408 2613 quaeque

561 2644 738 2706 unde
770 2643 992 2706 anima
1021 2651 1218 2721 atque
1249 2645 1452 2706 animi
1483 2651 1735 2707 constet
1763 2651 2009 2707 natura
2040 2648 2480 2707 necessumst?

562 2772 778 2816 nonne
810 2753 996 2816 uides
1030 2774 1226 2831 quam
1261 2754 1395 2816 sint
1427 2754 1700 2817 subtilia
1732 2774 2057 2832 quamque
2090 2754 2392 2816 minuta?

559 2869 903 2938 praeterea
940 2883 1384 2941 quaecumque
1421 2884 1541 2925 suo
1576 2864 1656 2924 de
1695 2884 1965 2942 corpore
2004 2865 2265 2925 odorem

561 2972 872 3050 expirant
903 2992 1136 3049 acrem,
1170 2993 1452 3050 panaces
1484 2972 1815 3036 absinthia
1846 2980 2063 3036 taetra

561 3081 1037 3159 habrotonique
1071 3102 1307 3159 graues
1339 3088 1402 3146 et
1434 3082 1659 3146 tristia
1690 3089 2061 3159 centaurea,

559 3210 840 3266 quorum
875 3210 1083 3252 unum
1117 3190 1384 3267 quiduis
1418 3191 1657 3254 leuiter
1693 3191 1748 3253 si
1783 3191 1958 3255 forte
1993 3192 2248 3254 duobus

1654 3301 1688 3335 ἑ

1165 3575 1433 3634 <ESSE
1457 3575 1653 3624 ITEM
1699 3575 2066 3634 MAIORA>

559 3662 721 3739 quin
756 3663 980 3740 potius
1010 3683 1238 3726 noscas
1271 3684 1492 3726 rerum
1525 3664 1881 3727 simulacra
1910 3665 2145 3742 uagari

556 3773 769 3835 multa
799 3772 1011 3835 modis
1040 3773 1268 3835 multis
1298 3774 1487 3836 nulla
1515 3773 1586 3836 ui
1622 3794 1931 3850 cassaque
1964 3777 2199 3837 sensu?

685 3881 816 3945 Sed
845 3902 927 3944 ne
959 3881 1133 3946 forte
1166 3889 1358 3960 putes
1390 3902 1465 3946 ea
1494 3884 1759 3945 demum
1790 3884 1927 3946 sola
1956 3883 2211 3961 uagari,

482 4061 484 4063 ,
580 4015 679 4064 117
702 4014 834 4075 fort.
867 4013 1084 4078 integra

1546 4185 1694 4236 [122]

2781 632 2879 681 105

2779 1349 2875 1398 110

2778 1898 2875 1945 115

2775 2532 2871 2582 120

2774 3080 2872 3130 125
