3182 4602
1144 358 1247 409 DE
1283 358 1549 409 RERVM
1583 358 1896 409 NATVRA
1933 358 2021 408 11⁷

560 577 758 650 atque
793 572 957 635 alias
991 572 1106 636 alii
1140 573 1469 651 complent
1504 572 1714 651 magis
1747 594 1827 637 ex
1862 572 2139 651 aliisque

559 681 938 761 succipiunt
970 682 1137 745 aliae
1169 684 1430 762 pondus
1461 682 1669 761 magis
1703 682 1903 760 inque
1936 682 2390 760 grauescunt.)

471 797 626 855 —ct
656 791 903 855 multae
934 792 1191 855 steriles
1222 791 1625 869 Hymenaeis
1656 798 1810 855 ante
1844 791 2125 855 fuerunt

560 900 868 980 pluribus
899 908 964 964 et
995 908 1228 964 nactae
1263 908 1411 981 post
1445 909 1603 965 sunt
1636 909 1858 965 tamen
1891 902 2071 964 unde
2105 902 2359 981 pueHos

557 1010 889 1090 suscipere
924 1017 990 1074 et
1021 1018 1224 1089 partu
1258 1018 1522 1091 possent
1556 1011 1874 1075 ditescere
1908 1010 2107 1074 dulci.

559 1125 623 1181 et
657 1119 896 1196 quibus
929 1126 1084 1183 ante
1114 1120 1293 1183 domi
1324 1119 1651 1183 fecundae
1686 1140 1879 1200 saepe
1913 1120 2295 1198 nequissent

557 1229 783 1291 uxoris
814 1249 1068 1308 parere,
1100 1229 1438 1293 inuentast
1470 1230 1603 1292 illis
1636 1250 1893 1308 quoque
1926 1250 2194 1308 compar

556 1345 822 1416 natura,
855 1344 934 1402 ut
964 1346 1228 1417 possent
1261 1339 1482 1419 gnatis
1513 1340 1775 1402 munire
1806 1347 2153 1403 senectam.

470 1468 764 1525 —usque
801 1449 964 1512 adeo
999 1448 1223 1527 magni
1257 1448 1488 1526 refert,
1526 1456 1605 1512 ut
1640 1448 1890 1513 semina
1927 1448 2182 1527 possint

555 1557 914 1621 seminibus
944 1558 1346 1622 commisceri
1375 1558 1757 1636 genitaliter
1792 1566 1968 1638 apta,

557 1687 905 1744 crassaque
936 1668 1335 1731 conueniant
1366 1668 1641 1746 liquidis
1672 1676 1737 1732 et
1768 1668 2025 1745 liquida
2056 1667 2310 1731 crassis.

471 1783 755 1854 —atque
790 1776 862 1838 in
896 1796 972 1840 eo
1000 1777 1212 1840 refert
1244 1798 1377 1856 quo
1407 1777 1597 1841 uictu
1628 1778 1775 1841 uita
1808 1778 2098 1854 colatur3

555 1905 839 1964 namque
872 1886 1021 1949 aliis
1051 1888 1248 1950 rebus
1279 1892 1707 1950 concrescunt
1739 1887 1991 1950 semina
2020 1885 2328 1949 membris

556 2002 754 2073 atque
788 1994 936 2059 aliis
967 2003 1415 2060 extenuantur
1445 1998 1803 2074 tabentque
1836 1996 2146 2059 uicissim.

556 2111 623 2168 et
651 2105 890 2182 quibus
917 2105 1063 2183 ipsa
1091 2105 1302 2168 modis
1330 2113 1660 2169 tractetur
1687 2107 1933 2169 blanda
1962 2107 2295 2185 uoluptaS,

555 2214 625 2275 id
661 2234 917 2293 quoque
954 2215 1299 2294 permagni
1333 2215 1578 2291 refert3
1614 2235 1770 2279 nam
1803 2235 1982 2278 more
2018 2215 2319 2279 ferarum

556 2326 1194 2403 quadrupedumque
1225 2325 1434 2403 magis
1465 2326 1607 2388 ritu
1637 2327 2025 2405 plerumque
2059 2332 2390 2404 putantur

556 2435 897 2512 concipere
929 2455 1184 2512 uxores,
1219 2435 1376 2513 quia
1405 2435 1496 2498 sic
1527 2436 1671 2498 loca
1702 2456 1956 2499 sumere
1990 2442 2286 2514 possunt,

556 2544 934 2621 pectoribus
965 2544 1214 2622 positiS,
1251 2545 1529 2608 sublatis
1561 2545 1813 2608 semina
1843 2544 2103 2607 lumbis,

468 2673 673 2716 —nec
704 2655 929 2716 molles
961 2653 1123 2732 opu’
1156 2662 1312 2717 sunt
1343 2662 1559 2717 motus
1589 2655 1908 2717 uxoribus
1938 2654 2168 2718 hilum.

554 2783 709 2825 nam
741 2762 980 2826 mulier
1011 2764 1316 2841 prohibet
1347 2784 1416 2828 se
1449 2764 1791 2854 concipere
1826 2771 2024 2842 atque
2054 2771 2407 2844 repugnat,

556 2872 864 2936 clunibus
895 2873 1043 2950 ipsa
1075 2873 1210 2935 uiri
1243 2874 1565 2936 Venerem
1601 2873 1658 2936 si
1691 2875 1867 2936 laeta
1901 2879 2221 2936 retractat

556 2988 754 3060 atque
790 2990 1086 3046 exossato
1118 2983 1244 3046 ciet
1279 2983 1456 3046 omni
1491 2990 1754 3061 pectore
1788 2983 2065 3059 fiuctus3

525 3091 712 3169 (eicit
745 3091 918 3154 enim
953 3093 1207 3156 sulcum
1242 3099 1422 3155 recta
1455 3093 1720 3169 regione
1754 3092 1996 3169 uiaque

554 3201 840 3264 uomeris
873 3208 1069 3279 atque
1103 3201 1260 3264 locis
1293 3201 1540 3264 auertit
1574 3201 1839 3264 seminis
1875 3201 2143 3278 ictum).

553 3310 755 3387 idque
787 3330 908 3373 sua
941 3330 1138 3373 causa
1169 3317 1568 3373 consuerunt
1602 3318 1819 3374 scorta
1849 3310 2120 3387 moueri,

555 3439 638 3482 ne
675 3421 1162 3499 complerentur
1198 3421 1424 3484 crebro
1461 3419 1909 3498 grauidaeque
1945 3419 2255 3497 iacerent,

555 3536 621 3592 et
653 3529 850 3591 simul
880 3528 1028 3606 ipsa
1057 3528 1225 3592 uiris
1256 3529 1484 3591 Venus
1514 3535 1591 3591 ut
1626 3529 2007 3608 concinnior
2041 3535 2241 3606 esset;

468 3638 944 3716 —coniugibus
977 3640 1153 3716 quod
1185 3639 1282 3700 nil
1313 3638 1559 3701 nostris
1591 3659 1756 3716 opus
1790 3659 1924 3702 esse
1957 3638 2249 3701 uidetur.

676 3832 738 3893 N
742 3852 811 3895 ec
847 3831 1175 3895 diuinitus
1211 3831 1547 3894 interdum
1581 3832 1990 3910 Venerisque
2024 3832 2289 3910 sagittis

554 3941 876 4004 deteriore
909 3941 986 4004 fit
1016 3948 1093 4004 ut
1128 3940 1345 4004 forma
1378 3941 1768 4004 muliercula
1802 3950 2079 4004 ametur.

1542 4133 1691 4186 [162]

2739 676 2873 726 1250

2744 1225 2879 1274 1255

2744 1774 2879 1823 1260

2743 2322 2879 2372 1265

2740 2871 2804 2920 12
2812 2871 2875 2920 70

2734 3417 2871 3466 1275
