3182 4602
1107 367 1208 418 DE
1244 366 1508 417 RERVM
1543 365 1854 416 NATVRA
1895 366 1994 415 ΙΙΙ

521 582 888 646 consentire
919 581 1214 646 animum
1243 582 1432 644 nobis
1461 581 1530 644 in
1562 601 1834 659 corpore
1866 580 2098 645 cernis,

520 692 578 755 si
609 692 829 755 minus
861 691 1138 755 offendit
1167 691 1378 754 uitam
1409 691 1514 753 uis
1542 690 1820 755 horrida
1849 690 1967 755 teli

523 800 774 864 ossibus
808 822 883 865 ac
917 800 1144 863 neruis
1176 800 1478 864 disclusis
1511 801 1697 863 intus
1730 801 1985 877 adacta,

523 918 592 973 at
625 918 847 974 tamen
881 910 1254 988 insequitur
1286 912 1568 988 languor
1602 917 1948 988 terraeque
1982 909 2234 988 petitus

523 1020 767 1096 suauis,
800 1026 863 1082 et
893 1020 964 1081 in
995 1027 1175 1083 terra
1203 1020 1443 1082 mentis
1473 1020 1587 1097 qui
1620 1020 1920 1098 gignitur
1951 1025 2188 1095 aestus,

523 1128 990 1207 interdumque
1021 1130 1209 1206 quasi
1241 1130 1609 1207 exurgendi
1639 1129 1894 1193 incerta
1924 1130 2253 1193 uoluntas.

437 1258 678 1316 —ergo
711 1259 1089 1317 corpoream
1117 1246 1430 1302 naturam
1461 1239 1666 1301 animi
1698 1258 1831 1301 esse
1861 1245 2198 1315 necessest,

526 1348 854 1424 corporeis
889 1348 1198 1426 quoniam
1229 1348 1380 1412 telis
1411 1349 1679 1427 ictuque
1711 1350 1988 1411 laborat.

655 1629 722 1691 Is
753 1628 879 1691 tibi
909 1650 1087 1691 nunc
1119 1628 1378 1691 animus
1411 1628 1593 1706 quali
1624 1628 1712 1691 sit
1744 1648 2015 1706 corpore
2048 1636 2112 1692 et
2143 1629 2322 1692 unde

528 1738 899 1800 constiterit
930 1758 1202 1816 pergam
1232 1738 1554 1800 rationem
1585 1739 1861 1801 reddere
1893 1738 2106 1801 dictis.

530 1846 873 1924 Principio
903 1867 1037 1910 esse
1068 1846 1174 1909 aio
1202 1846 1637 1925 persuptilem
1669 1854 1866 1925 atque
1897 1847 2173 1910 minutis

530 1976 850 2033 perquam
882 1956 1266 2034 corporibus
1296 1956 1552 2020 factum
1586 1964 1904 2019 constare.
1980 1956 2048 2018 id
2083 1956 2177 2019 ita
2209 1976 2342 2018 esse

528 2064 683 2127 hinc
714 2064 866 2128 licet
900 2067 1212 2129 aduertas
1246 2065 1540 2128 animum
1571 2073 1649 2129 ut
1682 2086 2067 2144 pernoscere
2102 2065 2327 2144 possis,

1137 2172 1237 2221 DE
1284 2170 1761 2221 MOBILITATE
1806 2171 2046 2221 ANIMI

445 2262 627 2324 —nil
660 2262 823 2325 adeo
851 2260 995 2325 fieri
1027 2260 1222 2324 celeri
1253 2260 1510 2323 ratione
1541 2260 1833 2338 uidetur,

532 2393 728 2449 quam
758 2371 1237 2444 si<bi>mens
1264 2370 1408 2433 fieri
1440 2370 1754 2448 proponit
1787 2379 1850 2434 et
1880 2370 2145 2434 inchoat
2177 2371 2356 2449 ipsa3

534 2481 714 2545 ocius
744 2501 901 2558 ergo
930 2480 1188 2543 animus
1219 2501 1416 2557 quam
1446 2500 1648 2543 resse
1679 2481 1928 2558 perciet
1958 2481 2116 2557 ulla,

536 2596 688 2653 ante
723 2591 943 2653 oculos
976 2610 1255 2667 quorum
1291 2589 1361 2650 in
1397 2596 1713 2668 promptu
1746 2597 1991 2653 natura
2024 2590 2315 2654 uidetur.

448 2705 606 2762 —at
637 2700 812 2776 quod
843 2698 1078 2762 mobile
1108 2706 1298 2762 tanto
1329 2706 1606 2777 operest,
1641 2706 1939 2763 constare
1971 2700 2287 2762 rutundis

536 2828 855 2886 perquam
887 2807 1242 2871 seminibus
1273 2809 1464 2871 debet
1497 2829 1945 2886 perquamque
1976 2809 2271 2888 minutiS‚

535 2917 817 2980 momine
846 2916 950 2979 uti
983 2938 1197 2995 paruo
1226 2917 1479 2995 possint
1513 2918 1783 2995 inpulsa
1813 2919 2083 2982 moueri.

507 3025 821 3103 (namque
853 3033 1158 3089 mouetur
1190 3048 1363 3104 aqua
1395 3033 1459 3088 et
1489 3027 1758 3089 tantillo
1787 3027 2068 3090 momine
2101 3029 2299 3092 flutat

538 3135 786 3213 quippe
815 3135 1219 3198 uolubilibus
1250 3137 1608 3214 paruisque
1639 3143 1862 3200 creata
1889 3136 2141 3214 figuris,

539 3251 608 3306 at
641 3251 872 3308 contra
901 3245 1112 3307 mellis
1145 3246 1551 3309 constantior
1586 3253 1684 3308 est
1716 3253 1961 3309 natura

539 3360 604 3417 et
636 3353 814 3432 pigri
844 3354 1073 3417 latices
1101 3356 1310 3432 magis
1342 3362 1407 3419 et
1439 3355 1859 3418 cunctantior
1890 3363 2110 3433 actus;

539 3464 764 3526 haeret
795 3463 968 3524 enim
998 3463 1174 3526 inter
1201 3485 1266 3527 se
1295 3465 1505 3543 magis
1534 3465 1746 3527 omnis
1772 3466 2077 3528 materiai

539 3572 748 3651 copia,
782 3572 1099 3635 nimirum
1133 3574 1288 3651 quia
1319 3595 1454 3637 non
1486 3581 1624 3638 tam
1656 3574 1915 3637 leuibus
1948 3583 2131 3638 extat

540 3681 924 3759 corporibus
952 3703 1162 3760 neque
1190 3689 1328 3746 tam
1357 3684 1714 3761 suptilibus
1744 3690 1941 3761 atque
1970 3686 2337 3762 rutundis.)

541 3811 823 3868 namque
855 3792 1212 3870 papaueris
1241 3813 1407 3856 aura
1438 3798 1654 3871 potest
1684 3813 2004 3871 suspensa
2031 3794 2326 3872 leuisque

543 3921 769 3978 cogere
800 3907 877 3964 ut
908 3903 988 3964 ab
1019 3922 1273 3964 summo
1299 3902 1421 3965 tibi
1455 3903 1706 3965 diffluat
1739 3903 1917 3965 altus
1946 3924 2241 3966 aceruus,

565 4033 665 4081 173
688 4032 822 4094 fort.
852 4033 1047 4083 brutus

1552 4144 1667 4195 [86]

2736 684 2828 734 170

2738 1234 2835 1284 175

2743 1954 2838 2002 180

2750 2590 2848 2639 185

2753 3139 2850 3188 190

2754 3685 2851 3734 195
