3182 4602
1195 436 1258 485 Τ.
1299 434 1627 487 LVGRETI
1665 435 1843 486 CARI

1013 645 1476 698 CORPOREAM
1519 646 1702 697 ESSE
1746 645 2011 697 VOCEM
2058 696 2062 703 ,

456 734 852 812 Corpoream
887 756 1144 813 quoque
1179 736 1353 799 enim
1399 745 1772 807 <uocem>
1818 741 2116 798 constare
2153 734 2566 815 fatendumst

454 850 517 907 et
549 844 856 922 sonitum,
893 845 1202 922 quoniam
1237 852 1512 923 possunt
1547 845 1863 923 inpellere
1899 864 2144 907 88118118.

371 960 794 1030 —praeterea
827 954 1006 1017 radit
1040 975 1170 1018 uox
1205 955 1431 1018 fauces
1462 974 1656 1031 saepe
1690 954 1983 1031 facitque

453 1064 788 1141 asperiora
821 1064 1002 1127 foras
1036 1064 1344 1142 gradiens
1378 1064 1626 1127 arteria
1659 1064 1921 1127 clamor.

455 1173 701 1251 quippe
738 1194 857 1251 per
892 1181 1247 1251 angustum
1283 1175 1483 1237 turba
1519 1174 1764 1237 maiore
1802 1180 2023 1237 coorta
2662 1169 2763 1218 530

454 1282 548 1346 ire
581 1283 764 1346 foras
794 1284 910 1346 ubi
942 1290 1300 1361 coeperunt
1333 1283 1700 1362 primordia
1732 1302 1987 1358 uocum,
2785 1263 2792 1270 ¹

453 1393 699 1456 scilicet
734 1393 1011 1471 expletis
1045 1413 1300 1470 quoque
1336 1394 1537 1456 ianua
1572 1393 1838 1455 raditur
1873 1392 2022 1455 oris.

370 1502 631 1565 —haud
666 1502 874 1581 igitur
908 1503 1247 1567 dubiumst
1281 1503 1444 1580 quin
1476 1522 1669 1565 uoces
1701 1503 2034 1579 uerbaque
2069 1508 2367 1565 constent

452 1613 782 1690 corporeis
812 1633 844 1674 e
878 1612 1246 1690 principiiS,
1279 1619 1356 1676 ut
1387 1613 1646 1675 laedere
1681 1611 1953 1690 possint.

453 1722 587 1785 Nec
617 1728 682 1785 te
714 1721 895 1785 fallit
927 1722 1084 1785 item
1118 1722 1279 1799 quid
1313 1722 1610 1800 corporis
1641 1721 1908 1785 auferat
1943 1728 2007 1785 et
2042 1720 2203 1798 quid
2663 1717 2765 1766 535

452 1831 761 1895 detrahat
797 1853 877 1894 ex
911 1832 1250 1895 hominum
1284 1832 1512 1894 neruis
1547 1852 1623 1894 ac
1658 1830 1916 1893 uiribus
1953 1831 2113 1909 ipsis

454 1948 816 2019 perpetuus
849 1961 1063 2004 sermo
1095 1941 1314 2019 nigrai
1350 1941 1560 2004 noctis
1598 1942 1683 2004 ad
1717 1942 2018 2003 umbram

453 2070 729 2113 aurorae
767 2052 1128 2129 perductus
1167 2052 1247 2115 ab
1285 2051 1617 2114 exoriente
1653 2050 1888 2127 nitore,

454 2160 842 2237 praesertim
873 2160 930 2223 si
965 2182 1113 2223 cum
1146 2168 1461 2224 summost
1496 2163 1777 2224 clamore
1812 2160 2146 2238 profusus.

372 2290 609 2349 ——ergo
640 2290 1020 2349 corpoream
1054 2291 1279 2334 uocem
1313 2278 1613 2335 constare
1648 2277 1986 2346 necessest,
2664 2266 2765 2317 540

453 2381 662 2444 multa
695 2382 968 2458 loquens
1002 2382 1312 2458 quoniam
1346 2381 1596 2444 amittit
1629 2382 1709 2445 de
1742 2401 2014 2458 corpore
2038 2387 2325 2465 partem.

453 2490 777 2569 asperitas
810 2498 1029 2554 autem
1063 2491 1244 2553 uocis
1276 2491 1351 2552 fit
1387 2492 1467 2554 ab
1504 2491 1861 2568 asperitate
2664 2487 2763 2536 551

454 2600 937 2679 principiorum
970 2607 1034 2664 et
1070 2600 1226 2664 item
1260 2601 1446 2664 leuor
1478 2601 1701 2664 leuore
1736 2607 2019 2663 creatur.

452 2730 570 2772 nec
603 2710 802 2772 simili
838 2717 1192 2788 penetrant
1228 2710 1411 2773 auris
1442 2710 1812 2788 primordia
1845 2709 2080 2785 forma5
2664 2706 2766 2755 542

453 2839 601 2882 cum
629 2820 791 2882 tuba
820 2821 1129 2897 depresso
1157 2820 1454 2898 grauiter
1485 2820 1606 2882 sub
1637 2839 1975 2882 murmure
2002 2819 2216 2896 mugit

453 2935 517 2992 et
550 2930 777 2992 reboat
810 2949 1084 2992 raucum
1117 2929 1432 2992 retrocita
1462 2929 1750 2992 barbara
1781 2929 2105 3004 bombum,

454 3045 516 3101 et
546 3039 758 3101 ualidi
788 3039 978 3115 cycni
1008 3045 1210 3102 cantu
1240 3038 1371 3102 oris
1402 3060 1481 3102 ex
1512 3038 1852 3101 Heliconis
2664 3034 2767 3084 545

453 3169 601 3210 cum
631 3148 953 3226 liquidam
986 3150 1232 3211 tollunt
1262 3147 1533 3225 lugubri
1563 3167 1722 3210 uoce
1755 3147 2131 3224 querellam.

579 3359 794 3422 Hasce
828 3359 1037 3437 igitur
1072 3359 1341 3436 penitus
1370 3379 1562 3422 uoces
1596 3380 1743 3421 cum
1778 3377 2047 3436 corpore
2081 3365 2308 3421 nostro

454 3468 882 3546 exprimimus
915 3475 1222 3547 rectoque
1259 3468 1441 3531 foras
1475 3468 1837 3531 emittimus
1871 3488 1999 3544 ore,

454 3578 710 3641 mobilis
745 3578 1057 3641 articulat
1091 3579 1446 3641 uerborum
1477 3578 1761 3641 daedala
1793 3577 2026 3654 lingua

456 3686 955 3765 formaturaque
991 3688 1327 3751 labrorum
1365 3707 1488 3765 pro
1524 3694 1715 3765 parte
1751 3687 2016 3764 figurat.
2664 3682 2765 3731 550

374 3798 592 3874 -hoc,
623 3797 741 3860 ubi
769 3817 902 3861 non
933 3798 1204 3874 longum
1235 3796 1588 3874 spatiumst
1621 3797 1797 3860 unde
1831 3796 1946 3859 illa
1978 3794 2282 3874 profecta
2664 3791 2765 3840 553

478 3929 577 3978 532
597 3930 744 3990 vulg.
771 3927 975 3992 expleti

479 3997 580 4046 544
599 3997 744 4058 vuly.
776 3995 1105 4060 Berecyntia

479 4065 579 4114 545
599 4065 812 4115 validis
840 4065 996 4115 necti
1026 4065 1199 4115 tortis

479 4133 578 4182 553
599 4133 743 4193 vuly.
774 4147 882 4182 una

1446 4216 1594 4268 [137]
