3182 4602
1155 423 1258 474 DE
1293 422 1558 475 RERVM
1595 423 1903 474 NATVRA
1943 423 2031 472 IV

567 643 868 701 texturas
901 657 1123 700 rerum
1155 638 1376 702 tenuis
1405 638 1754 716 tenuisque
1787 638 2053 716 figuras.

481 767 726 824 —ergo
755 748 967 811 multa
998 747 1186 811 breui
1218 748 1438 825 spatio
1467 748 1822 811 simulacra
1855 755 2200 826 geruntur,

566 862 644 919 ut
671 856 910 919 merito
934 856 1105 919 celer
1129 857 1233 919 his
1261 858 1456 921 rebus
1482 854 1750 920 dicatur
1779 857 1981 935 ori'go.
2018 862 2025 871 ‘
2784 853 2879 903 160

481 971 635 1029 —ct
667 966 856 1043 quasi
886 966 1099 1030 multa
1128 966 1318 1030 breui
1349 967 1567 1045 spatio
1600 966 2009 1031 summittere
2041 968 2233 1031 debet

566 1075 822 1140 lumina
852 1076 948 1139 sol
978 1082 1056 1139 ut
1088 1084 1412 1156 perpetuo
1441 1076 1576 1139 sint
1611 1076 1828 1139 omnia
1861 1076 2077 1156 plena,

567 1185 660 1248 sic
694 1187 776 1249 ab
811 1187 1008 1249 rebus
1041 1186 1198 1249 item
1233 1186 1432 1248 simili
1468 1186 1726 1250 ratione
1762 1192 2081 1249 necessest

565 1295 884 1373 temporis
917 1295 988 1357 in
1025 1303 1274 1373 puncto
1308 1315 1530 1359 rerum
1566 1295 1922 1359 simulacra
1957 1294 2267 1359 ferantur

568 1404 779 1468 multa
810 1406 1019 1467 modis
1050 1405 1278 1468 multis
1309 1405 1380 1467 in
1413 1410 1687 1469 cunctas
1716 1405 2011 1483 undique
2043 1405 2275 1483 partis.
2731 1402 2741 1411 '
2782 1403 2879 1453 165

481 1512 1100 1592 —quandoquidem
1129 1516 1470 1593 speculum
1500 1535 1909 1593 quocumque
1942 1515 2346 1578 obuertimus
2377 1513 2528 1591 oriS,

568 1644 672 1686 res
704 1621 796 1687 ibi
827 1626 1229 1702 respondent
1259 1624 1458 1686 simili
1491 1624 1709 1688 forma
1742 1630 1939 1702 atque
1972 1624 2203 1688 colore.

532 1730 918 1820 llpraeterea
952 1735 1144 1796 modo
1179 1755 1328 1797 cum
1363 1734 1572 1798 fuerit
1609 1734 2047 1812 liquidissima
2084 1729 2247 1797 caeli

566 1849 940 1921 tempestaS,
975 1865 1294 1922 perquam
1327 1844 1546 1907 subito
1575 1844 1653 1907 fit
1684 1843 1957 1907 turbida
1990 1843 2199 1920 foede,

567 1954 860 2031 undique
893 1954 997 2017 uti
1028 1956 1332 2016 tenebras
1365 1953 1576 2016 omnis
1606 1954 1994 2017 Acherunta
2027 1953 2236 2017 rearis
2781 1950 2876 2001 170

565 2063 834 2140 liquisse
866 2069 930 2127 et
961 2084 1236 2141 magnas
1266 2064 1428 2127 caeli
1460 2065 1813 2141 complesse
1843 2083 2179 2127 cauernas.

565 2193 772 2250 usque
806 2174 971 2236 adeo
1001 2180 1217 2237 taetra
1252 2173 1624 2236 nimborum
1660 2179 1850 2236 nocte
1887 2178 2111 2237 coorta

565 2282 931 2360 inpendent
963 2290 1145 2347 atrae
1179 2281 1557 2346 formidinis
1588 2305 1704 2347 ora
1733 2305 2037 2362 superne.

481 2413 847 2469 —quorum
882 2395 1206 2470 quantula
1241 2414 1398 2471 pars
1433 2393 1519 2456 sit
1555 2386 1774 2472 imago
1805 2393 2022 2457 dicere
2056 2401 2309 2457 nemost

566 2501 681 2579 qui
714 2502 919 2580 possit
953 2522 1162 2580 neque
1197 2524 1339 2565 eam
1374 2503 1696 2566 rationem
1732 2504 2006 2566 reddere
2043 2499 2299 2588 dictisll
2780 2500 2878 2550 175

985 2693 1084 2742 DE
1131 2693 1606 2743 CELERITATE
1651 2693 2265 2744 SIMVLAGRORVM

691 2782 883 2843 Nunc
915 2803 1050 2859 age,
1084 2803 1280 2859 quam
1311 2783 1504 2846 celeri
1534 2790 1719 2845 motu
1749 2782 2101 2846 simulacra
2133 2781 2441 2845 ferantur

564 2896 628 2952 et
661 2910 827 2968 quae
858 2891 1188 2954 mobilitas
1220 2891 1366 2954 ollis
1396 2892 1825 2955 tranantibus
1856 2911 2055 2954 auras

565 3000 829 3063 reddita
861 3000 966 3077 sit,
1000 3002 1198 3078 longo
1228 3001 1447 3079 spatio
1475 3009 1551 3064 ut
1584 3002 1809 3065 breuis
1840 3003 2003 3064 hora
2032 3007 2312 3078 teratur,

564 3109 636 3171 in
669 3130 861 3187 quem
896 3130 1191 3188 quaeque
1224 3110 1438 3174 locum
1473 3111 1738 3173 diuerso
1772 3111 2041 3173 numine
2076 3110 2311 3187 tendit,

564 3219 924 3282 suauidicis
953 3220 1174 3297 potius
1204 3240 1400 3297 quam
1428 3221 1657 3283 multis
1686 3220 1987 3282 uersibus
2017 3221 2241 3297 edam;
2780 3218 2875 3267 180

534 3329 820 3406 (paruus
853 3334 932 3390 ut
967 3337 1064 3392 est
1099 3329 1296 3407 cygni
1330 3330 1559 3391 melior
1596 3349 1821 3406 canor,-
1852 3329 1961 3391 ille
1997 3350 2238 3407 gruum
2274 3350 2471 3407 quam

562 3440 805 3501 clamor
842 3439 912 3499 in
950 3439 1260 3502 aetheriis
1291 3438 1629 3517 dispersus
1663 3439 1950 3501 nubibus
1985 3439 2259 3515 austri).

475 3548 897 3625 —principio
930 3569 1243 3627 persaepe
1278 3549 1444 3611 leuis
1479 3570 1584 3611 res
1620 3556 1817 3626 atque
1851 3548 2127 3611 minutis

563 3658 948 3735 corporibus
982 3657 1196 3720 factas
1229 3658 1456 3721 celeris
1488 3658 1642 3721 licet
1675 3678 1809 3722 esse
1842 3658 2089 3722 uidere.

563 3768 634 3829 in
666 3788 796 3845 quo
826 3767 958 3831 iam
989 3787 1224 3845 genere
1257 3774 1352 3830 est
1385 3768 1536 3830 solis
1568 3769 1687 3829 lux
1718 3774 1781 3830 et
1815 3788 2027 3846 uapor
2059 3767 2200 3830 eius
2778 3765 2872 3815 185

564 3884 917 3955 propterea
948 3873 1105 3954 quia
1133 3885 1290 3940 sunt
1322 3899 1355 3940 e
1386 3877 1621 3955 primis
1653 3876 1834 3940 facta
1864 3877 2139 3940 minutis

582 4010 683 4058 159
704 4010 848 4070 vulg.
892 4012 1165 4074 genuntur

583 4077 683 4125 166
704 4076 838 4138 fort.
870 4075 1019 4125 ocius

584 4146 683 4196 178
707 4144 925 4195 feratur
962 4145 1096 4207 fort.
1135 4148 1358 4209 petatur
1551 4195 1697 4246 [124]
