3182 4602
1068 413 1170 464 DE
1206 412 1470 464 RERVM
1506 412 1818 463 NATVRA
1863 413 1943 462 VI

482 626 768 704 impetus
800 627 1084 704 incessit,
1116 625 1454 690 maturum
1487 634 1631 689 tum
1664 626 1854 704 quasi
1884 626 2141 690 fulmen

483 735 848 815 perscindit
879 737 1099 800 subito
1129 738 1390 814 nubem,
1424 737 1775 814 ferturque
1810 736 2095 800 coruscis

483 846 704 909 omnia
735 847 1095 909 luminibus
1128 847 1424 909 lustrans
1454 847 1597 910 loca
1629 846 1924 924 percitus
1956 847 2174 910 ardor.

895 953 995 1002 DE
1025 952 1486 1003 TONITRIBVS
1515 953 1612 1002 ΕΤ
1641 952 1943 1002 TERRAE
1974 951 2186 1002 MOTV

485 1061 677 1119 quem
711 1041 938 1119 grauis
970 1042 1342 1119 insequitur
1376 1041 1650 1118 sonitus,
1688 1041 1980 1118 displosa
2012 1046 2283 1117 repente

483 1150 856 1228 opprimere
892 1159 967 1214 ut
1000 1151 1164 1214 caeli
1197 1151 1558 1214 uideantur
1589 1151 1841 1228 templa
1872 1170 2175 1229 superne.

484 1261 638 1321 inde
671 1268 916 1322 tremor
947 1268 1160 1323 terras
1191 1260 1490 1338 grauiter
1521 1265 1927 1338 pertemptat
1960 1266 2024 1320 et
2057 1261 2266 1322 altum

483 1390 828 1432 murmura
859 1378 1262 1448 percurrunt
1296 1371 1582 1446 caelum;
1617 1390 1770 1432 nam
1802 1376 1944 1432 tota
1974 1369 2116 1433 fere
2146 1375 2291 1431 tum

483 1486 838 1562 tempestas
877 1499 1189 1542 concussa
1227 1479 1452 1542 tremit
1495 1478 1932 1556 fremitusque
1972 1484 2343 1541 mouentur.

486 1608 615 1667 quo
653 1568 732 1652 de
769 1608 1085 1651 concussu
1121 1589 1420 1667 sequitur
1456 1588 1685 1666 grauis
1719 1589 1925 1650 imber
1963 1595 2027 1651 et
2062 1590 2244 1664 uber,

484 1698 696 1761 omnis
725 1698 830 1761 uti
860 1698 1172 1761 uideatur
1205 1699 1276 1760 111
1308 1698 1582 1762 imbrem
1613 1697 1863 1760 uertier
1897 1698 2121 1761 aether

486 1815 684 1885 atque
716 1808 812 1871 ita
843 1808 1294 1886 praecipitans
1325 1809 1410 1871 ad
1441 1808 1763 1870 diluuiem
1796 1827 2139 1870 reuocare:

398 1924 717 1981 —tantus
745 1917 1023 1980 discidio
1049 1917 1246 1980 nubis
1274 1917 1589 1995 uentique
1622 1918 1910 1996 procella

484 2028 799 2105 mittitur,
831 2027 1095 2090 ardenti
1125 2027 1380 2089 sonitus
1408 2048 1556 2090 cum
1588 2028 1895 2105 prouolat
1925 2027 2082 2089 ictu,

401 2145 584 2201 —est
616 2138 814 2200 etiam
847 2158 995 2200 cum
1025 2137 1130 2200 uis
1161 2137 1566 2200 extrinsecus
1599 2137 1805 2200 incita
1834 2136 2020 2198 uenti

487 2248 722 2312 incidit
758 2248 829 2309 in
860 2248 1154 2311 ualidam
1187 2254 1451 2309 maturo
1482 2246 1766 2310 culmine
1799 2248 2074 2324 nubem;

487 2379 685 2436 quam
717 2379 865 2421 cum
895 2358 1230 2435 perscidit,
1261 2358 1590 2435 extemplo
1618 2356 1797 2419 cadit
1827 2357 2058 2434 igneus
2089 2355 2198 2416 ille

486 2476 719 2531 uertex
750 2488 941 2546 quem
974 2467 1198 2544 patrio
1224 2467 1594 2530 uocitamus
1622 2466 1885 2529 nomine
1917 2466 2192 2529 fulmen.

487 2580 608 2641 hoc
637 2577 712 2641 fit
745 2578 916 2639 idem
946 2578 1018 2638 in
1049 2577 1262 2655 partis
1293 2576 1474 2653 alias»,
1508 2595 1916 2654 quocumque
1946 2576 2104 2639 tulit
2136 2575 2259 2638 uie.

484 2688 576 2765 sit
609 2708 866 2765 quoque
897 2696 973 2750 ut
1005 2687 1343 2749 interdum
1373 2686 1560 2749 uenti
1591 2686 1699 2748 uis
1726 2686 1923 2748 missa
1954 2686 2093 2749 sine
2125 2684 2267 2762 igni

488 2798 769 2875 igniscat
804 2805 1026 2859 tamen
1063 2797 1133 2858 in
1170 2796 1388 2875 spatio
1422 2798 1745 2874 longoque
1780 2802 2021 2872 meatU,

489 2908 648 2968 dum
677 2906 883 2983 uenit,
917 2906 1224 2969 amittens
1255 2907 1325 2968 in
1358 2928 1556 2970 cursu
1588 2925 1865 2984 corpora
1897 2905 2221 2982 quaedam

489 3017 772 3095 grandia
803 3036 969 3094 quae
1001 3025 1337 3094 nequeunt
1369 3017 1624 3095 pariter
1656 3023 2003 3093 penetrare
2037 3034 2155 3092 per
2188 3032 2417 3090 auras;

491 3133 687 3204 atque
723 3126 856 3189 alia
889 3148 968 3189 ex
1001 3126 1145 3204 ipso
1177 3128 1540 3189 conradens
1574 3146 1723 3188 aere
1758 3130 1983 3202 portat

490 3240 771 3316 paruola
803 3258 968 3315 quae
1001 3236 1262 3299 faciunt
1294 3236 1512 3313 ignem
1546 3234 1898 3297 commixta
1929 3234 2218 3296 uolando
2235 3260 2250 3310 3

404 3368 624 3409 —non
655 3348 785 3409 alia
818 3348 1008 3424 longe
1041 3347 1296 3409 ratione
1329 3367 1404 3409 ac
1435 3346 1745 3423 plumbea
1776 3364 1968 3421 saepe

491 3456 758 3520 feruida
790 3455 866 3517 fit
898 3457 1088 3533 glans
1118 3456 1189 3517 in
1221 3475 1438 3532 cursu,
1473 3476 1624 3517 cum
1653 3455 1865 3516 multa
1897 3452 2135 3530 rigoris

492 3586 770 3644 corpora
801 3565 1144 3627 dimittens
1178 3566 1396 3642 ignem
1429 3564 1729 3642 concepit
1763 3564 1834 3625 in
1868 3563 2067 3627 auriS.

491 3676 580 3753 fit
615 3695 870 3753 quoque
902 3682 978 3737 ut
1013 3674 1221 3752 ipsius
1255 3675 1487 3752 plagae
1521 3674 1626 3736 uis
1659 3674 1897 3736 excitet
1928 3672 2167 3751 ignem,

493 3785 747 3862 frigida
776 3805 925 3847 cum
953 3784 1139 3846 uenti
1171 3784 1431 3860 pepulit
1460 3783 1564 3845 uis
1596 3784 1795 3845 missa
1822 3783 1961 3845 sine
1993 3782 2168 3860 igni3

493 3895 808 3957 nimirum
840 3894 1014 3971 quia,
1047 3914 1195 3955 cum
1224 3893 1514 3957 uementi
1546 3892 1832 3971 perculit
1863 3891 2019 3968 ictu,

517 4028 616 4075 288
639 4026 773 4088 fort.
805 4025 949 4075 furit

517 4094 618 4143 296
635 4094 783 4154 vuly.
817 4093 1059 4142 fulmine

1483 4187 1631 4237 [224]

2700 1036 2807 1085 285

2700 1584 2808 1633 290

2700 2132 2808 2182 295

2702 2682 2811 2731 300

2704 3230 2816 3279 305

2706 3778 2817 3828 310
