3182 4602
1128 414 1188 463 T.
1226 412 1552 463 LVGRETI
1589 412 1767 463 CARI

508 798 853 876 Principio
885 798 1195 875 quoniam
1229 806 1493 861 tenuem
1527 805 1827 860 constare
1857 797 2135 859 minutis
2596 792 2701 841 425

382 908 769 987 corporibus
799 908 994 971 docui
1021 908 1360 985 multoque
1390 907 1758 971 minoribus
1789 927 1924 970 esse

384 1018 735 1097 principiis
769 1017 1018 1081 factam
1052 1038 1250 1096 quam
1282 1017 1577 1096 liquidus
1610 1036 1800 1081 umor
1834 1016 2032 1094 aquai

380 1134 498 1191 aut
531 1129 775 1191 nebula
809 1134 927 1191 aut
964 1127 1191 1190 fumus
1237 1128 1423 1204 (nam
1460 1128 1653 1205 longe
1688 1126 2053 1190 mobilitate

382 1245 678 1316 praestat
713 1244 777 1301 et
812 1259 851 1300 a
883 1238 1071 1300 tenui
1104 1258 1301 1303 causa
1334 1237 1543 1315 magis
1577 1238 1709 1300 icta
1745 1244 2067 1313 mouetur,

382 1348 630 1426 quippe
663 1346 780 1410 ubi
813 1347 1215 1425 imaginibus
1246 1347 1418 1410 fumi
1449 1347 1856 1424 nebulaeque
1889 1353 2228 1422 mouetur3
2596 1342 2698 1391 430

384 1459 559 1535 quod
590 1478 796 1535 genus
827 1457 898 1520 in
928 1457 1171 1521 somnis
1200 1457 1401 1535 sopiti
1431 1457 1547 1520 ubi
1577 1456 1907 1519 cernimus
1939 1457 2070 1520 alte

383 1569 642 1631 exalare
676 1588 992 1645 uaporem
1027 1567 1267 1630 altaria
1300 1567 1608 1644 ferreque
1642 1566 1937 1643 fumum3

301 1698 535 1740 —nam
565 1678 800 1755 procul
828 1678 987 1740 haec
1018 1677 1221 1739 dubio
1250 1677 1438 1739 nobis
1468 1675 1821 1740 simulacra
1855 1676 2213 1753 geruntur)
2246 1702 2259 1738 ε

300 1808 558 1850 —nunc
588 1787 797 1865 igitur
829 1788 1139 1864 quoniam
1170 1786 1497 1865 quassatis
1523 1786 1819 1863 undique
1849 1785 2029 1849 uasis

381 1897 672 1961 diffluere
702 1917 996 1961 umorem
1025 1903 1089 1961 et
1119 1897 1381 1960 laticem
1412 1897 1746 1959 discedere
1777 1896 1989 1959 cernis
2594 1892 2699 1942 435

380 2014 444 2069 et
474 2007 720 2070 nebula
751 2027 826 2069 ac
859 2006 1086 2069 fumus
1119 2007 1430 2083 quoniam
1464 2006 1743 2069 discedit
1779 2006 1849 2066 in
1884 2026 2099 2082 auraS,

379 2117 568 2179 crede
605 2116 892 2180 animam
925 2137 1183 2194 quoque
1217 2116 1510 2180 diffundi
1542 2117 1880 2193 multoque
1915 2115 2133 2194 perire

379 2225 556 2288 ocius
591 2233 656 2289 et
692 2225 889 2289 citius
922 2225 1196 2289 dissolui
1241 2236 1304 2297 <
1316 2226 1460 2297 in>
1505 2245 1785 2304 corpora
1818 2225 2054 2304 prima,

380 2356 528 2398 cum
560 2337 758 2400 semel
791 2357 869 2399 ex
899 2337 1182 2399 hominis
1216 2336 1523 2399 membris
1557 2336 1779 2399 ablata
1814 2335 2097 2399 recessit.

299 2446 627 2524 —quippe
661 2445 902 2508 etenim
935 2466 1193 2525 corpus,
1228 2447 1405 2525 quod
1436 2467 1557 2509 uas
1589 2446 1778 2524 quasi
1811 2445 2108 2508 constitit
2141 2445 2299 2522 eiUS,
2592 2441 2695 2490 440

381 2576 526 2618 cum
559 2555 857 2619 cohibere
888 2557 1118 2633 nequit
1151 2563 1658 2633 conquassatum
1689 2577 1767 2619 ex
1800 2555 2023 2633 aliqua
2056 2577 2125 2619 re

380 2686 453 2728 ac
484 2665 893 2729 rarefactum
927 2667 1224 2729 detracto
1257 2666 1578 2743 sanguine
1609 2666 1817 2742 uenis,

381 2795 528 2839 aere
559 2775 675 2854 qui
705 2777 934 2839 credas
965 2795 1152 2854 posse
1181 2777 1353 2838 hanc
1384 2775 1747 2839 cohiberier
1778 2776 1933 2852 ullo,

380 2905 649 2963 corpore
685 2885 800 2963 qui
833 2893 1060 2948 nostro
1091 2906 1288 2948 rarus
1319 2885 1530 2963 magis
1562 2885 1945 2948 incohibens
1976 2885 2105 2948 sit?

297 3075 620 3125 ANIMVM
655 3076 751 3126 ET
789 3075 1076 3127 CORPVS
1113 3075 1354 3126 SIMVL
1392 3076 1621 3126 NASOI
1658 3076 1754 3126 ET
1793 3076 2176 3127 ORESCERE
2213 3075 2310 3126 ET
2346 3075 2589 3126 SIMVL

1251 3162 1625 3212 INTERIRE

502 3250 857 3314 Praeterea
890 3250 1075 3328 gigni
1106 3251 1361 3328 pariter
1393 3272 1541 3314 cum
1575 3270 1848 3328 corpore
1880 3257 1944 3314 et
1976 3271 2112 3313 una
2589 3247 2692 3296 445

377 3380 661 3422 crescere
696 3360 1017 3423 sentimus
1049 3348 1432 3439 pariterque
1467 3380 1797 3423 senescere
1831 3368 2134 3423 mentem.

377 3489 530 3532 ‘nam
560 3470 750 3533 uelut
781 3469 1045 3532 infirmo
1073 3470 1266 3548 pueri
1298 3477 1653 3547 teneroque
1684 3478 2022 3547 uagantur

376 3599 666 3657 corpore,
699 3580 791 3642 sic
826 3579 1031 3642 animi
1062 3579 1362 3658 sequitur
1393 3580 1722 3642 sententia
1754 3580 1992 3643 tenuis.

376 3688 529 3752 inde
561 3689 678 3752 ubi
709 3689 998 3752 robustis
1028 3689 1320 3752 adoleuit
1353 3689 1612 3752 uiribus
1646 3696 1844 3766 aetas,

377 3799 719 3861 consilium
753 3818 1011 3876 quoque
1043 3798 1256 3862 maius
1289 3806 1354 3861 et
1388 3799 1645 3862 auctior
1680 3807 1776 3862 est
1810 3799 2014 3862 animi
2045 3799 2168 3862 uis.
2588 3797 2689 3846 450

376 3915 522 3985 post
552 3909 668 3972 ubi
699 3909 830 3971 iam
861 3908 1106 3972 ualidis
1137 3916 1519 3986 quassatum
1552 3915 1649 3972 est
1681 3909 1942 3972 uiribus
1972 3908 2121 3972 aeui

376 4037 612 4095 corpus
643 4026 709 4080 et
742 4018 991 4080 obtusis
1021 4018 1402 4081 ceciderunt
1432 4018 1693 4081 uiribus
1724 4025 1929 4096 artus,

395 4158 498 4207 444
516 4158 614 4207 aza·
643 4158 754 4208 alia
1436 4192 1549 4243 [95]
