3182 4602
1239 398 1298 447 T.
1341 398 1582 449 LVGRE
1589 398 1668 448 TI
1707 398 1886 449 CARI

494 610 668 673 inter
702 632 903 689 equas
935 612 1052 675 ubi
1086 633 1284 690 equos
1317 612 1580 676 florenti
1615 619 1828 675 aetate
1863 612 2185 675 iuuencus

493 721 829 799 pinnigeri
859 721 1071 785 saeuit
1103 722 1469 785 calcaribus
1500 722 1672 785 ictus
1703 722 1943 785 amoris
2668 717 2805 768 1⁰⁷5

492 838 556 893 et
590 831 934 894 fremitum
966 831 1215 909 patulis
1245 833 1366 894 sub
1399 832 1677 894 naribus
1707 832 1844 895 edit
1877 832 1962 894 ad
1996 851 2198 907 arma,

493 947 558 1003 et
588 961 736 1004 cum
764 941 856 1003 sic
889 941 1054 1004 alias
1083 941 1410 1004 concussis
1441 940 1699 1004 artibus
1727 941 1991 1003 hinnit-‘l

491 1056 821 1126 postremo
856 1071 1064 1129 genus
1097 1051 1380 1114 alituum
1417 1051 1771 1129 uariaeque
1808 1052 2126 1127 uolucres,

461 1160 846 1238 (accipitres
880 1167 1077 1237 atque
1114 1161 1474 1239 ossifragae
1507 1160 1846 1239 mergique
1881 1160 2155 1224 marinis

491 1269 801 1332 fluctibus
833 1269 902 1331 in
934 1271 1105 1333 salso
1131 1270 1384 1333 uictum
1415 1271 1755 1348 uitamque
1788 1271 2116 1347 petentes)
2670 1267 2805 1316 1080

490 1380 682 1457 longe
715 1379 878 1443 alias
912 1380 1042 1442 alio
1073 1379 1327 1443 iaciunt
1361 1380 1430 1442 in
1460 1388 1755 1458 tempore
1787 1401 1997 1456 uoceS‚

491 1496 556 1552 et
590 1509 785 1566 quom
820 1491 901 1553 de
932 1489 1122 1552 uictu
1154 1497 1412 1553 certant
1447 1491 1696 1568 praeda
1732 1497 1929 1567 atque
1964 1496 2363 1568 repugnant.

492 1605 556 1661 et
590 1599 836 1676 partim
869 1607 1133 1662 mutant
1167 1621 1316 1662 cum
1347 1599 1851 1677 tempestatibus
1883 1620 2020 1662 una

491 1709 869 1771 raucisonos
904 1717 1156 1786 cantuS,
1193 1710 1526 1772 cornicum
1561 1716 1639 1772 ut
1673 1709 1883 1772 saecla
1918 1716 2184 1772 uetusta

491 1838 968 1896 coruorumque
1001 1819 1218 1897 gregis
1250 1819 1366 1882 ubi
1398 1839 1637 1896 aquam
1670 1819 1988 1882 dicuntur
2021 1826 2084 1880 et
2118 1818 2347 1880 imbris
2670 1817 2805 1866 1085

492 1948 755 2006 poscere
788 1936 850 1992 et
886 1929 1222 1992 interdum
1254 1935 1487 1993 uentos
1521 1949 1846 2006 aurasque
1878 1949 2134 1991 uocare.

403 2058 646 2116 —ergo
681 2038 736 2100 si
768 2039 945 2101 uarii
978 2059 1206 2102 sensus
1239 2039 1551 2102 animalia
1586 2047 1850 2117 cogunt,

490 2155 678 2210 muta
711 2155 933 2211 tamen
970 2170 1118 2211 cum
1154 2149 1308 2225 sint,
1345 2148 1570 2212 uarias
1606 2149 1903 2212 emittere
1939 2168 2150 2224 uoceS,

492 2265 741 2335 quanto
776 2258 1074 2322 mortalis
1108 2259 1317 2337 magis
1355 2280 1579 2323 aecum
1617 2265 1713 2323 est
1749 2265 1894 2322 tum
1931 2257 2221 2337 potuisse

493 2368 828 2431 dissimilis
858 2369 992 2432 alia
1021 2376 1219 2446 atque
1251 2370 1382 2432 alia
1414 2389 1516 2432 res
1546 2390 1705 2433 uoce
1736 2372 2001 2432 notare!
2669 2364 2804 2415 1090

618 2478 799 2541 Illud
833 2478 904 2540 in
936 2478 1040 2541 his
1074 2480 1269 2542 rebus
1302 2479 1545 2541 tacitus
1579 2500 1661 2541 ne
1698 2478 1873 2541 forte
1908 2478 2227 2556 requiras,

492 2587 748 2651 fulmen
778 2588 1020 2651 detulit
1051 2588 1122 2650 in
1151 2596 1400 2652 terram
1431 2588 1821 2651 mortalibus
1853 2588 2071 2666 ignem

490 2697 822 2775 primitus
858 2697 1011 2760 inde
1047 2698 1258 2760 omnis
1290 2698 1706 2761 flammarum
1742 2698 2001 2760 diditur
2037 2699 2254 2761 ardor.

492 2807 702 2871 multa
732 2808 1038 2871 uidemus
1070 2807 1242 2871 enim
1276 2808 1663 2870 caelestibus
1696 2807 1897 2870 insita
1931 2807 2213 2870 flammis

491 2916 769 2994 fulgere,
804 2937 954 2980 cum
987 2917 1149 2979 caeli
1184 2917 1461 2980 donauit
1496 2919 1695 2995 plaga
1728 2937 1995 2996 uapore.
2669 2913 2806 2963 1095

493 3033 558 3090 et
590 3047 847 3090 ramosa
880 3034 1102 3089 tamen
1137 3048 1285 3089 cum
1319 3026 1538 3090 uentis
1572 3027 1766 3105 pulsa
1798 3026 2121 3089 uacillans

493 3143 750 3199 aestuat
783 3136 854 3198 in
889 3156 1103 3199 ramos
1137 3136 1522 3199 incumbens
1555 3136 1809 3199 arboris
1845 3137 2059 3212 arbor,

493 3246 892 3323 exprimitur
925 3246 1171 3309 ualidis
1207 3245 1490 3309 extritus
1524 3245 1784 3308 uiribus
1821 3246 2013 3323 ignis,

492 3356 728 3418 emicat
764 3356 1100 3419 interdum
1138 3355 1426 3418 flammai
1464 3355 1771 3418 feruidus
1809 3355 2026 3432 ardor,

490 3472 727 3528 mutua
757 3466 916 3529 dum
949 3465 1125 3527 inter
1157 3485 1224 3528 se
1257 3464 1426 3528 rami
1459 3464 1828 3542 stirpesque
1859 3470 2193 3527 teruntur.
2671 3462 2806 3511 1100

492 3595 773 3652 quorum
806 3582 1164 3651 utrumque
1200 3574 1452 3638 dedisse
1489 3580 1704 3651 potest
1740 3574 2128 3636 mortalibus
2166 3574 2401 3651 ignem.

489 3684 647 3748 inde
680 3685 899 3747 cibum
929 3704 1204 3761 coquere
1237 3705 1311 3747 ac
1343 3683 1642 3747 flammae
1675 3683 1929 3746 mollire
1961 3703 2211 3760 uapore

482 3817 618 3866 1076
639 3816 783 3877 vulg.
813 3814 910 3865 ubi

482 3883 617 3933 1082
637 3884 1026 3949 praedataque
1093 3882 1239 3944 ναῖς.
1274 3883 1599 3947 praedaque

481 3951 619 4000 1094
637 3951 782 4011 vulg.
814 3950 984 4000 incita

480 4018 619 4068 1099
637 4019 782 4079 vulg.
815 4022 869 4068 et
901 4018 1068 4068 micat

1484 4170 1633 4221 [201]
