3182 4602
1070 436 1173 484 DE
1209 436 1476 485 RERVM
1511 436 1820 485 NATVRA
1860 437 1895 486 Ι

449 671 598 713 cum
629 650 840 728 lapidi
873 651 943 713 in
974 651 1267 730 lapidem
1296 651 1591 729 terimuS,
1622 673 1893 716 manare
1926 673 2225 720 cruorem

448 760 771 823 consimili
805 761 1062 824 ratione
1097 762 1319 824 herbis
1354 782 1611 840 quoque
1646 783 1839 840 saepe
1875 764 2179 839 decebat3
2661 760 2763 809 885

449 878 516 933 et
543 870 770 934 latices
802 871 1016 934 dulcis
1050 880 1274 950 guttas
1307 872 1635 950 similique
1666 886 1899 950 sapore

448 980 728 1057 mittere,
763 981 1097 1058 lanigerae
1131 982 1313 1059 quali
1346 990 1504 1045 sunt
1535 984 1735 1045 ubere
1770 982 1979 1060 lactis,

447 1090 696 1154 scilicet
728 1097 794 1154 et
826 1091 1033 1169 glebis
1060 1099 1393 1155 terrarum
1425 1113 1619 1170 saepe
1654 1092 1879 1155 friatis

445 1203 800 1264 herbarum
831 1222 1072 1279 genera
1103 1209 1168 1264 et
1199 1201 1431 1280 fruges
1460 1202 1861 1279 frondesque
1892 1202 2110 1264 uideri

445 1310 799 1388 dispertita
839 1311 910 1374 in
923 1322 986 1383 <
996 1318 1173 1384 ter>
1222 1318 1469 1375 terram
1509 1312 1777 1375 latitare
1815 1312 2087 1389 minute,
2659 1309 2760 1359 890

445 1428 775 1498 postremo
806 1421 877 1482 in
907 1421 1107 1499 lignis
1140 1422 1423 1484 cinerem
1457 1407 1847 1499 fumumque
1878 1422 2117 1499 uideri,

446 1552 592 1594 cum
628 1531 1014 1610 praefracta
1045 1531 1287 1609 forent,
1322 1532 1624 1610 ignisque
1658 1534 1865 1596 latere
1897 1533 2205 1595 minutos,

365 1661 727 1718 —quorum
760 1642 857 1704 nil
890 1642 1034 1705 fieri
1068 1643 1379 1719 quoniam
1411 1642 1770 1706 manifesta
1803 1643 1990 1705 docet
2022 1663 2145 1719 reS‚

447 1751 610 1815 scire
642 1752 797 1815 licet
828 1773 961 1844 non
996 1773 1130 1816 esse
1163 1752 1233 1814 in
1264 1755 1460 1816 rebus
1492 1773 1596 1816 res
1628 1752 1723 1815 ita
1756 1752 2015 1830 mixtaS,

446 1882 680 1925 uerum
717 1862 966 1925 semina
1003 1863 1412 1925 multimodis
1447 1862 1730 1926 inmixta
1765 1864 1972 1925 latere
2660 1861 2762 1910 895

445 1973 808 2035 multarum
843 1993 1065 2036 rerum
1099 1973 1170 2035 in
1204 1975 1399 2036 rebus
1435 1972 1807 2036 communia
1839 1974 2099 2036 debent.

485 2082 586 2128 —-‘
600 2083 694 2144 At
728 2103 920 2160 saepe
954 2082 1024 2144 in
1056 2083 1316 2161 magnis
1345 2084 1423 2146 fit
1455 2083 1817 2146 montibus’
1854 2083 2075 2161 inquis
2111 2084 2215 2146 ‘ut
2250 2082 2402 2146 altis

448 2192 792 2255 arboribus
822 2192 1047 2256 uicina
1079 2193 1419 2256 cacumina
1453 2214 1707 2256 summa
1741 2200 2049 2256 terantur

444 2301 618 2370 inter
651 2323 733 2379 se,
768 2304 1012 2366 ualidis
1046 2304 1264 2368 facere
1297 2304 1366 2366 id
1401 2304 1783 2382 cogentibus
1818 2304 2081 2381 austris,

445 2413 647 2476 donec
679 2413 966 2477 flammai
999 2413 1336 2477 fulserunt
1367 2414 1524 2478 flore
1556 2415 1825 2477 coort0.'
2657 2412 2758 2461 900

363 2523 710 2600 -scilicet,
744 2530 808 2587 et
839 2544 972 2586 non
1005 2531 1100 2586 est
1130 2524 1333 2601 lignis
1361 2531 1582 2588 tamen
1614 2525 1857 2587 insitus
1885 2524 2077 2602 ignis,

442 2653 676 2696 uerum
706 2633 956 2697 semina
982 2640 1139 2696 sunt
1168 2634 1427 2697 ardoris
1451 2636 1681 2712 multa,
1711 2635 1988 2697 terendo

443 2763 608 2819 quae
641 2765 789 2807 cum
820 2743 1210 2821 confluxere,
1244 2751 1471 2807 creant
1503 2744 1809 2807 incendia
1841 2744 2041 2806 silvis.

443 2854 616 2930 quod
651 2853 707 2915 si
739 2852 920 2916 facta
953 2853 1130 2917 foret
1161 2854 1348 2916 siluis
1381 2854 1767 2917 abscondita
1798 2854 2079 2930 flamma,

443 2983 575 3025 non
606 2971 870 3041 possent
901 2965 1115 3027 ullum
1143 2971 1404 3041 tempus
1436 2963 1710 3027 celarier
1742 2964 1959 3041 ignes;
2655 2961 2758 3011 905

443 3073 786 3136 conficeret
818 3075 1015 3151 uolgo
1046 3073 1267 3150 3111133,
1303 3076 1576 3137 arbusta
1608 3081 1947 3137 cremaret.

363 3182 658 3245 —iamne
689 3183 878 3246 uides
911 3184 1138 3261 igitur,
1175 3184 1377 3261 paulo
1410 3185 1584 3260 quod
1622 3184 1911 3246 diximus
1944 3191 2115 3261 ante,

442 3294 786 3370 permagni
821 3293 1074 3357 referre
1110 3294 1335 3357 eadem
1371 3294 1740 3371 primordia
1773 3314 1965 3371 saepe

442 3423 588 3466 cum
621 3403 860 3480 quibus
895 3410 959 3466 et
993 3404 1175 3481 quali
1209 3403 1511 3481 positura
1545 3403 2012 3466 contineantur

444 3519 506 3575 et
534 3533 697 3590 quos
725 3513 901 3576 inter
928 3534 994 3577 se
1025 3514 1184 3577 dent
1214 3520 1430 3576 motus
1460 3513 1939 3591 accipiantque,
2653 3510 2755 3560 910

445 3628 637 3699 atque
672 3623 897 3685 eadem
931 3624 1134 3700 paulo
1165 3623 1341 3686 inter
1374 3643 1440 3684 se
1473 3629 1734 3686 mutata
1767 3644 1988 3686 creare

444 3731 624 3809 ignes
656 3740 721 3796 et
752 3732 1051 3810 lignqu
1085 3754 1217 3810 quo
1248 3739 1443 3811 pacto
1473 3735 1678 3796 uerba
1712 3753 1969 3810 quoque
2004 3733 2150 3811 ipsa

445 3839 614 3904 inter
647 3863 713 3905 se
750 3843 952 3920 paulo
984 3842 1258 3905 mutatis
1294 3850 1449 3905 sunt
1485 3842 1840 3919 elementiS,

447 3971 589 4013 cum
619 3952 805 4030 ligna
838 3959 1035 4029 atque
1071 3952 1254 4029 ignes
1290 3951 1607 4015 distincta
1639 3972 1798 4015 uoce
1831 3958 2150 4015 not-emus,

448 4061 720 4140 denique
753 4062 887 4124 iam
918 4081 1363 4138 quaecumque
1396 4061 1466 4123 in
1498 4063 1695 4125 rebus
1724 4062 1937 4124 cernis
1970 4061 2220 4141 apertis
2650 4060 2753 4108 915

1445 4226 1560 4278 [31]
