3182 4602
1125 417 1228 467 DE
1265 417 1529 468 RERVM
1565 418 1875 469 NATVRA
1921 419 1968 468 V

521 650 674 694 ‘nam
706 652 825 695 cur
857 633 1018 696 luna
1049 641 1248 711 queat
1278 641 1526 699 terram
1557 635 1892 698 secludere
1924 634 2077 698 solis

520 740 769 806 lumine
799 749 864 806 et
897 763 935 806 a
966 743 1164 806 terris
1195 745 1404 806 altum
1434 751 1640 822 caput
1671 745 2009 808 obstruere
2040 743 2119 822 ei,

523 850 808 914 obiciens
839 872 1103 915 caecum
1135 853 1344 916 radiis
1376 853 1765 917 ardentibus
1800 855 2053 930 orbem3

521 967 815 1039 tempore
849 962 1072 1025 eodem
1105 962 1273 1026 aliut
1307 962 1526 1027 facere
1559 963 1630 1025 id
1662 983 1795 1026 non
1826 983 2011 1042 posse
2044 969 2322 1041 putetur

522 1090 762 1148 corpus
794 1072 969 1148 quod
1001 1091 1255 1134 cassum
1287 1073 1554 1136 labatur
1584 1072 1833 1136 lumine
1865 1075 2163 1150 semper?

522 1181 746 1257 solque
782 1201 934 1244 suos
967 1181 1164 1245 etiam
1201 1181 1537 1246 dimittere
1571 1182 1933 1261 languidus
1968 1181 2143 1260 ignis

521 1296 815 1368 tempore
847 1311 966 1354 cur
999 1298 1178 1354 certo
1208 1299 1492 1370 nequeat
1526 1311 1952 1369 recreareque
1985 1292 2228 1367 lumen,

524 1420 672 1461 cum
699 1400 842 1463 loca
871 1401 1219 1478 praeteriit
1246 1401 1525 1464 flammis
1555 1401 1804 1465 infesta
1832 1421 1952 1480 per
1981 1421 2197 1477 auras,

525 1530 691 1586 quae
725 1508 986 1573 faciunt
1017 1509 1190 1588 ignis
1223 1510 1654 1590 interstingui
1687 1515 1883 1588 atque
1917 1509 2178 1589 perire?

438 1625 591 1682 —ct
623 1639 742 1682 cur
776 1625 958 1683 terra
991 1627 1190 1697 queat
1220 1622 1448 1684 lunam
1484 1619 1769 1698 spoliare
1801 1619 2092 1684 uicissim

503 1728 772 1791 ‘lumine
805 1736 870 1792 et
904 1749 1290 1808 oppressum
1323 1731 1521 1792 solem
1553 1750 1755 1808 super
1786 1729 1935 1808 ipsa
1964 1738 2208 1806 tenere,

523 1845 864 1902 menstrua
894 1840 1053 1901 dum
1085 1838 1337 1917 rigidas
1369 1839 1516 1902 coni
1549 1839 1922 1918 perlabitur
1951 1841 2255 1916 umbras;

524 1955 816 2026 tempore
850 1949 1074 2011 eodem
1107 1949 1274 2014 aliut
1307 1955 1591 2026 nequeat
1625 1968 2006 2012 succurrere
2040 1949 2237 2011 lunae

525 2078 764 2136 corpus
796 2059 904 2122 uel
938 2079 1142 2136 supra
1175 2058 1328 2120 solis
1362 2058 1693 2136 perlabier
1727 2059 1967 2134 orbem,

525 2169 701 2245 quod
739 2168 960 2231 radios
995 2167 1443 2258 interrumpat
1479 2169 1832 2245 lumenque
1870 2167 2265 2246 profusum?

439 2284 590 2342 —et
623 2283 843 2341 tamen
878 2277 1026 2357 ipsa
1057 2298 1177 2342 suo
1209 2277 1264 2341 si
1298 2277 1515 2356 fulget
1548 2278 1712 2342 luna
1744 2277 1977 2354 nitore,

525 2409 644 2451 cur
677 2395 961 2465 nequeat
993 2393 1173 2452 certa
1206 2388 1439 2451 mundi
1471 2389 1893 2466 languescere
1927 2394 2138 2467 parte,

526 2498 685 2561 dum
721 2499 862 2561 loca
898 2498 1260 2561 luminibus
1296 2497 1588 2577 propriis
1626 2498 1895 2561 inimica
1931 2518 2053 2577 per
2087 2498 2242 2575 exit,

524 2616 866 2671 menstrua
901 2609 1059 2670 dum
1094 2607 1345 2685 rigidas
1380 2608 1527 2670 coni
1561 2608 1934 2686 perlabitur
1970 2610 2281 2671 umbras?

664 2970 890 3047 (Quod
925 2977 1243 3047 superest,
1279 2970 1588 3047 quoniam
1623 2970 1849 3048 magni
1883 2992 2003 3048 per
2038 2971 2301 3033 caerula
2334 2970 2571 3033 mundi

528 3100 658 3156 qua
690 3079 834 3142 fieri
867 3079 1182 3157 quicquid
1216 3087 1433 3157 posset
1465 3080 1721 3143 ratione
1753 3080 2014 3155 resolui,

948 3186 1049 3235 DE
1082 3185 1294 3236 SOLIS
1324 3186 1421 3236 ΕΤ
1452 3186 1715 3236 LVNAE
1749 3185 2226 3237 OFFECTIONE

507 3275 680 3362 *solis
712 3274 814 3338 uti
848 3274 1071 3337 uarios
1103 3296 1334 3337 cursus
1366 3276 1694 3352 lunaeque
1726 3282 1983 3339 meatus

526 3404 791 3447 noscere
824 3404 1156 3461 possemus
1189 3405 1354 3462 quae
1387 3385 1491 3448 uis
1524 3391 1587 3449 et
1623 3406 1820 3448 causa
1850 3384 2069 3462 cieret,

528 3514 740 3571 quoue
772 3495 966 3557 modo
1008 3501 1420 3572 <possent>
1466 3495 1701 3557 offecto
1731 3495 1979 3557 lumine
2012 3494 2193 3558 obire

510 3611 592 3667 ,et
624 3624 834 3681 neque
868 3603 1203 3682 opinantis
1235 3604 1523 3667 tenebris
1557 3605 1877 3667 obducere
1910 3612 2143 3681 terraS,

529 3734 676 3776 cum
710 3714 899 3791 quasi
931 3713 1239 3776 coniuent
1275 3721 1338 3778 et
1371 3721 1603 3792 aperto
1635 3714 1884 3777 lumine
1916 3734 2183 3776 rursum

529 3824 750 3887 omnia
781 3824 1134 3886 conuisunt
1167 3825 1346 3887 clara
1379 3824 1523 3886 loca
1555 3823 1842 3886 candida
1872 3824 2035 3897 luce,

485 3930 584 3980 DE
621 3929 1012 3980 NOVI'I'ATE
1052 3929 1311 3979 MVNDI
1348 3930 1444 3979 ET
1481 3928 2017 3979 DISPOSI'I'IONE
2054 3928 2325 3979 RERVM
2362 3928 2571 3993 QVAE
2608 3930 2698 3979 IN

1522 4013 1621 4064 EO
1666 4014 1865 4064 SVNT

529 4123 706 4165 nunc
740 4103 937 4165 redeo
968 4102 1049 4165 ad
1085 4102 1319 4163 mundi
1350 4102 1717 4165 nouitatem
1752 4109 1816 4165 et
1848 4102 2070 4165 mollia
2100 4108 2318 4165 terrae

553 4210 653 4258 753
674 4207 852 4272 possis
1519 4210 1667 4262 [190]

2740 848 2843 898 755

2739 1397 2841 1446 760

2741 1944 2841 1994 765

2744 2496 2841 2545 '770

2745 3382 2841 3431 775

2744 4097 2839 4148 780
