3182 4602
1196 431 1299 482 DE
1335 431 1601 481 RERVM
1637 430 1946 480 NATVRA
1985 430 2071 479 1V

607 645 808 723 inque
845 645 984 709 dies
1018 646 1237 723 gliscit
1273 645 1468 709 furor
1501 653 1701 723 atque
1737 666 2053 710 aerumna
2088 644 2437 724 grauescit,

606 755 665 817 si
694 775 826 818 non
856 756 1073 833 prima
1102 756 1294 819 nouis
1324 758 1674 820 conturbes
1703 757 1979 819 uolnera
2009 754 2225 833 plagis

608 865 1092 943 uolgiuagaque
1129 886 1342 943 uagus
1374 867 1632 929 Venere
1668 873 1822 929 ante
1858 864 2151 928 recentia
2186 884 2373 928 cures

608 981 728 1037 aut
762 974 893 1038 alio
925 974 1132 1053 possis
1167 974 1373 1038 animi
1407 976 1755 1038 traducere
1792 982 2026 1038 motus».

734 1085 868 1147 Nec
901 1084 1178 1147 Veneris
1212 1083 1444 1147 fructu
1477 1092 1657 1148 caret
1692 1084 1747 1147 is
1781 1084 1895 1161 qui
1928 1084 2103 1147 uitat
2137 1103 2441 1160 amorem,

604 1196 721 1257 sed
753 1194 976 1273 potius
1008 1214 1174 1272 quae
1207 1201 1362 1257 sunt
1393 1194 1533 1257 sine
1566 1214 1780 1272 poena
1809 1194 2147 1257 commoda
2178 1192 2413 1266 sumit;

607 1325 764 1367 nam
794 1310 968 1367 certe
999 1311 1234 1382 purast
1262 1304 1440 1367 sanis
1466 1303 1677 1381 magis
1707 1303 1862 1366 inde
1892 1304 2205 1380 uoluptas

609 1435 808 1491 quam
843 1414 1115 1477 miseris.
1197 1414 1436 1477 etenim
1472 1414 1782 1491 potiundi
1819 1419 2114 1490 tempore
2151 1412 2222 1473 in
2258 1412 2405 1490 ipso

605 1523 888 1585 fluctuat
923 1522 1192 1585 incertis
1228 1522 1562 1585 erroribus
1598 1523 1797 1585 ardor
1833 1528 2173 1585 amantum

605 1653 725 1695 nec
758 1639 1014 1695 constat
1047 1632 1208 1709 quid
1241 1632 1531 1710 primum
1565 1631 1769 1694 oculis
1801 1631 2233 1708 manibusque
2267 1629 2608 1693 fruantur.

608 1743 784 1819 quod
819 1742 1086 1819 petiere,
1123 1748 1436 1819 premunt
1471 1747 1614 1805 arte
1651 1740 2040 1817 faciuntque
2074 1741 2364 1803 dolorem

607 1851 901 1929 corporis
933 1858 996 1913 et
1028 1852 1256 1913 dentes
1289 1851 1583 1914 inlidunt
1616 1870 1808 1928 saepe
1838 1849 2111 1926 labellis,

605 1961 956 2038 osculaque
990 1960 1340 2038 adfligunt,
1377 1960 1534 2038 quia
1566 1980 1700 2023 non
1735 1967 1831 2023 est
1867 1980 2038 2038 pura
2071 1959 2383 2037 uoluptas

605 2077 672 2133 et
703 2070 957 2133 stimuli
988 2071 1268 2133 subsunt
1301 2070 1414 2147 qui
1448 2069 1773 2147 instigant
1804 2070 2061 2132 laedere
2096 2069 2166 2131 id
2197 2069 2416 2147 ipsum

607 2181 1062 2257 quodcumque
1095 2188 1210 2256 est,
1246 2180 1459 2242 rabies
1490 2180 1669 2243 unde
1702 2179 1891 2241 illaec
1923 2179 2221 2256 germina
2251 2186 2557 2256 surgunt.

605 2291 718 2353 sed
748 2290 987 2354 leuiter
1017 2311 1260 2369 poenas
1293 2289 1549 2367 frangit
1581 2289 1808 2352 Venus
1839 2288 2014 2352 inter
2047 2309 2331 2352 amorem

604 2402 978 2478 blandaque
1023 2400 1480 2472 <re>frenat
1515 2419 1771 2462 morsus
1807 2398 2103 2462 admixta
2138 2400 2468 2476 uoluptas.

575 2510 889 2587 (namque
924 2509 993 2570 in
1029 2529 1104 2572 eo
1136 2530 1283 2588 spes
1318 2516 1433 2585 est,
1468 2509 1646 2572 unde
1683 2515 1780 2571 est
1816 2508 2073 2571 ardoris
2107 2508 2308 2586 orig0‚

605 2619 928 2697 restingui
961 2639 1217 2696 quoque
1249 2639 1435 2696 posse
1467 2620 1547 2681 ab
1581 2620 1806 2681 eodem
1839 2637 2110 2697 corpore
2142 2617 2523 2693 flammam.)

517 2730 781 2805 —quod
812 2728 956 2790 fieri
991 2736 1222 2791 contra
1253 2735 1467 2791 totum
1499 2735 1748 2790 natura
1780 2733 2146 2806 repugnat;

604 2858 867 2916 unaque
898 2859 1000 2901 res
1027 2839 1186 2901 haec
1217 2845 1332 2914 est,
1364 2837 1551 2900 cuius
1581 2859 1779 2915 quam
1810 2837 2100 2915 plurima
2128 2838 2460 2913 habemuS,

603 2954 740 3010 tam
772 2948 980 3026 magis
1016 2948 1299 3011 ardescit
1331 2947 1482 3010 dira
1517 2947 1889 3025 cuppedine
1924 2955 2172 3025 pectus».

575 3057 760 3132 (nam
793 3057 975 3120 cibus
1009 3064 1205 3134 atque
1238 3078 1428 3121 umor
1461 3057 1769 3120 membris
1801 3057 2177 3120 adsumitur
2210 3055 2425 3131 intus;

605 3187 770 3244 quae
805 3168 1114 3244 quoniam
1150 3175 1362 3230 certas
1398 3174 1674 3245 possunt
1710 3166 2003 3230 obsidere
2040 3167 2270 3245 parti8‚

601 3277 722 3339 hoc
758 3276 954 3340 facile
990 3278 1294 3354 expletur
1329 3278 1602 3340 laticum
1640 3276 2043 3354 frugumque
2081 3274 2376 3354 cupido.)

605 3407 682 3448 ex
712 3385 993 3448 hominis
1023 3406 1184 3449 uero
1217 3386 1386 3450 facie
1419 3388 1825 3465 pulchroque
1860 3387 2070 3449 colore

602 3495 699 3556 nil
729 3497 931 3558 datur
957 3495 1029 3557 in
1058 3516 1297 3573 corpus
1326 3502 1591 3575 praeter
1621 3496 1976 3558 simulacra
2006 3495 2368 3558 fruendum

601 3605 864 3682 tenuia3
899 3626 1064 3683 quae
1098 3612 1301 3668 uento
1331 3626 1479 3683 spes
1510 3612 1738 3683 raptat
1771 3625 1963 3682 saepe
1996 3604 2266 3666 misella.

514 3722 678 3777 —ut
710 3715 930 3778 bibere
961 3715 1031 3776 in
1062 3715 1305 3778 somnis
1337 3715 1564 3778 sitiens
1598 3735 1792 3791 quom
1826 3714 2086 3792 quaerit
2120 3721 2184 3777 et
2216 3733 2406 3776 umor

601 3845 734 3887 non
767 3826 987 3901 datur,
1021 3825 1322 3888 ardorem
1355 3823 1470 3902 qui
1501 3823 1809 3886 membris
1840 3824 2176 3901 stinguere
2209 3823 2434 3901 possit,

600 3935 713 3997 sed
742 3934 1015 3997 laticum
1046 3933 1398 3997 simulacra
1429 3933 1600 4012 petit
1634 3933 2019 4010 frustraque
2052 3934 2309 3996 laborat
2372 4011 2378 4016 Α

591 4064 726 4113 1096
749 4064 882 4124 fort.
915 4067 1109 4114 ventus
1140 4078 1235 4127 spe

1593 4174 1739 4225 [156]

2793 751 2922 800 1070

2790 1299 2923 1349 1075

2791 1846 2919 1895 1080

2789 2395 2921 2446 1085

2788 2943 2915 2994 1090

2784 3491 2909 3542 1095
