3182 4602
1129 409 1233 458 DE
1269 408 1534 458 RERVM
1570 408 1880 458 NATVRA
1926 407 1973 456 V

525 643 660 686 non
692 623 825 687 alia
856 625 1046 702 longe
1079 624 1336 688 ratione
1370 645 1444 688 ac
1477 644 1671 702 saepe
1702 623 2005 686 uidemus
2742 617 2848 666 460

527 753 730 797 aurea
760 754 908 796 cum
940 733 1228 811 primum
1262 733 1653 813 gemmantis
1686 753 1833 795 rore
1867 753 1985 811 per
2016 734 2253 795 herbas

526 842 858 906 matutina
891 845 1132 906 rubent
1170 843 1414 906 radiati
1452 843 1707 906 lumina
1743 843 1929 919 solis;

526 953 920 1030 exalantque
957 953 1140 1016 lacus
1171 954 1480 1016 nebulam
1517 953 1839 1030 fluuiique
1877 972 2215 1030 perennes,

527 1061 800 1140 ipsaque
833 1068 910 1125 ut
944 1062 1280 1125 interdum
1312 1063 1510 1125 tellus
1543 1062 1807 1126 fumare
1840 1062 2146 1138 uidetur;

527 1171 746 1234 omnia
777 1191 943 1248 quae
973 1192 1233 1234 sursum
1267 1192 1414 1234 cum
1447 1171 1889 1234 conciliantur
1920 1171 1992 1232 in
2025 1172 2161 1234 alto
2742 1167 2849 1216 465

527 1299 798 1358 corpore
831 1286 1133 1344 concreto
1163 1283 1523 1344 subtexunt
1555 1281 1789 1344 nubila
1821 1282 2091 1343 caelum.

441 1389 618 1452 —sic
649 1389 858 1467 igitur
889 1395 1032 1452 tum
1063 1410 1128 1451 se
1159 1390 1326 1452 leuis
1359 1412 1432 1453 ac
1464 1390 1779 1453 diffusilis
1811 1391 2037 1453 aether

527 1519 797 1576 corpore
834 1506 1137 1563 concreto
1170 1499 1618 1563 circumdatus
1652 1499 1948 1576 undique
1984 1498 2230 1577 saepsit

527 1615 592 1670 et
623 1609 756 1671 late
788 1609 1072 1671 diffusus
1106 1608 1178 1670 in
1213 1609 1421 1670 omnis
1454 1609 1751 1686 undique
1787 1608 2001 1686 partis

526 1717 746 1781 omnia
777 1718 870 1780 sic
904 1718 1105 1781 auido
1137 1719 1480 1797 complexu
1514 1725 1732 1781 cetera
1766 1717 2030 1796 saepsit.
2741 1715 2848 1764 470

511 1825 612 1874 DE
643 1824 856 1875 SOLIS
886 1824 983 1874 ΕΤ
1014 1824 1275 1874 LVNAE
1308 1825 1861 1875 MAGNITVDINE
1894 1824 1990 1874 ΕΤ
2023 1823 2237 1874 MOTV
2268 1823 2539 1874 EORVM
2570 1824 2667 1873 ΕΤ

1024 1909 1639 1974 QVEMADMODVM
1688 1909 2151 1960 NASCVNTVR

653 1999 853 2061 Hunc
883 1999 1154 2062 exordia
1183 2007 1340 2062 sunt
1369 1999 1523 2062 solis
1551 2000 1877 2076 lunaeque
1906 2006 2149 2075 secuta,

526 2108 1018 2186 interutrasque
1057 2109 1232 2186 globi
1269 2128 1548 2186 quorum
1585 2116 1949 2171 uertuntur
1986 2108 2057 2169 in
2095 2108 2310 2184 auris;

526 2238 693 2295 quae
726 2238 936 2295 neque
968 2225 1152 2281 terra
1181 2218 1306 2280 sibi
1340 2218 1627 2281 adsciuit
1658 2239 1776 2281 nec
1808 2218 2134 2280 maximus
2168 2219 2411 2293 aether,
2458 2262 2463 2268 -

527 2330 702 2405 quod
737 2349 948 2406 neque
984 2336 1120 2391 tam
1155 2329 1437 2391 fuerunt
1470 2328 1706 2406 grauia
1741 2336 1819 2391 ut
1856 2330 2165 2406 depressa
2200 2328 2523 2404 sederent,

525 2458 644 2500 nec
675 2438 854 2501 leuia
882 2445 960 2500 ut
993 2446 1255 2516 possent
1290 2458 1408 2516 per
1440 2458 1726 2501 summas
1759 2438 1966 2500 labier
2000 2457 2165 2514 oraS‚
2739 2434 2843 2483 475

527 2554 592 2610 et
621 2554 841 2610 tamen
874 2548 1368 2625 interutrasque
1397 2548 1493 2610 ita
1525 2555 1701 2624 sunt,
1735 2554 1813 2610 ut
1843 2567 2119 2625 corpora
2150 2547 2311 2610 uiua

526 2664 793 2719 uersent
827 2664 890 2719 et
922 2662 1146 2734 partes
1178 2664 1256 2720 ut
1288 2657 1522 2719 mundi
1556 2657 1763 2719 totius
1796 2663 2054 2733 extent3

496 2767 704 2843 (quod
738 2787 943 2843 genus
975 2766 1045 2826 in
1079 2767 1264 2828 nobis
1296 2768 1619 2844 quaedam
1653 2767 1807 2830 licet
1837 2766 1906 2827 in
1941 2766 2223 2829 statione

525 2877 816 2938 membra
848 2896 1128 2951 manere,
1164 2883 1383 2938 tamen
1417 2897 1565 2939 cum
1599 2876 1735 2938 sint
1766 2897 1842 2939 ea
1874 2896 2039 2953 quae
2070 2875 2528 2951 moueantur).

653 2985 778 3047 His
811 2985 1020 3063 igitur
1050 2987 1246 3048 rebus
1276 2986 1583 3049 retractis
1615 2993 1796 3048 terra
1829 2993 2118 3063 repente,
2739 2981 2841 3030 480

525 3116 833 3158 maxuma
865 3115 996 3172 qua
1025 3116 1204 3158 nunc
1235 3116 1300 3157 se
1332 3095 1518 3172 ponti
1551 3095 1752 3173 plaga
1783 3095 2046 3157 caerula
2077 3095 2312 3171 tendit,

525 3204 806 3267 succidit
834 3212 900 3268 et
927 3205 1099 3267 salso
1125 3205 1406 3267 suffudit
1436 3204 1700 3283 gurgite
1731 3204 1960 3267 fossas.

524 3314 724 3391 inque
756 3314 895 3376 dies
926 3320 1177 3391 quanto
1207 3314 1454 3376 circum
1486 3314 1695 3391 magis
1728 3313 2012 3377 aetheris
2045 3320 2263 3376 aestus

526 3431 591 3486 et
620 3423 796 3487 radii
826 3423 980 3486 solis
1010 3425 1328 3501 cogebant
1358 3424 1654 3500 undique
1686 3430 1932 3486 terram

524 3533 910 3596 uerberibus
947 3533 1192 3596 crebris
1230 3540 1520 3595 extrema
1557 3533 1915 3595 ad-limina
1948 3532 2216 3610 raptim,
2737 3529 2839 3578 485

525 3642 596 3704 in
629 3642 845 3706 medio
875 3649 953 3705 ut
987 3643 1304 3720 propulsa
1337 3662 1455 3704 suo
1488 3643 1817 3705 condensa
1850 3642 2071 3718 coiret,

523 3760 661 3814 tam
695 3752 904 3829 magis
935 3772 1280 3829 expressus
1313 3752 1522 3814 salsus
1556 3752 1636 3815 de
1670 3746 1940 3829 corpore
1973 3752 2175 3813 sudor

545 3884 648 3933 468
669 3884 813 3944 vuly.
847 3882 1002 3932 flexit

546 3952 648 4000 470
670 3952 804 4013 fort.
839 3950 984 4014 cepit

545 4020 648 4068 485
668 4022 888 4083 partem
956 4019 1101 4080 vuly.
1135 4019 1192 4068 in
1223 4023 1404 4068 artum

1514 4189 1664 4241 [180]
