<?xml version="1.0" encoding="UTF-8"?>
<!DOCTYPE html PUBLIC "-//W3C//DTD XHTML 1.0 Transitional//EN"
    "http://www.w3.org/TR/xhtml1/DTD/xhtml1-transitional.dtd">
<html xmlns="http://www.w3.org/1999/xhtml" xml:lang="en" lang="en">
 <head>
  <title>
</title>
<meta http-equiv="Content-Type" content="text/html;charset=utf-8" />
  <meta name='ocr-system' content='tesseract 3.04.00' />
  <meta name='ocr-capabilities' content='ocr_page ocr_carea ocr_par ocr_line ocrx_word'/>
</head>
<body>
  <div class='ocr_page' id='page_1' title='image "./lvcretiderervmn00unkngoog_0189.png"; bbox 0 0 3182 4602; ppageno 0'>
   <div class='ocr_carea' id='block_1_1' title="bbox 1127 382 1968 434">
    <p class='ocr_par' dir='ltr' id='par_1_1' title="bbox 1127 382 1968 434">
     <span class='ocr_line' id='line_1_1' title="bbox 1127 382 1968 434; baseline 0.001 -2"><span class='ocrx_word' id='word_1_1' title='bbox 1127 383 1229 432; x_wconf 77' lang='lat' dir='ltr'>DE</span> <span class='ocrx_word' id='word_1_2' title='bbox 1265 382 1530 432; x_wconf 82' lang='lat' dir='ltr'><strong><em>RERVM</em></strong></span> <span class='ocrx_word' id='word_1_3' title='bbox 1566 384 1875 434; x_wconf 74' lang='lat' dir='ltr'><strong><em>NATVRA</em></strong></span> <span class='ocrx_word' id='word_1_4' title='bbox 1922 384 1968 433; x_wconf 81' lang='lat' dir='ltr'><strong><em>V</em></strong></span> 
     </span>
    </p>
   </div>
   <div class='ocr_carea' id='block_1_2' title="bbox 522 596 2841 1335">
    <p class='ocr_par' dir='ltr' id='par_1_2' title="bbox 524 596 2121 676">
     <span class='ocr_line' id='line_1_2' title="bbox 524 596 2121 676; baseline 0.003 -19"><span class='ocrx_word' id='word_1_5' title='bbox 524 596 699 672; x_wconf 90' lang='lat' dir='ltr'>quod</span> <span class='ocrx_word' id='word_1_6' title='bbox 731 596 927 659; x_wconf 91' lang='lat' dir='ltr'>simul</span> <span class='ocrx_word' id='word_1_7' title='bbox 959 618 1033 660; x_wconf 88' lang='lat' dir='ltr'>ac</span> <span class='ocrx_word' id='word_1_8' title='bbox 1066 598 1356 676; x_wconf 89' lang='lat' dir='ltr'>primum</span> <span class='ocrx_word' id='word_1_9' title='bbox 1385 600 1591 662; x_wconf 93' lang='lat' dir='ltr'>nubes</span> <span class='ocrx_word' id='word_1_10' title='bbox 1622 601 1970 664; x_wconf 82' lang='lat' dir='ltr'>succedere</span> <span class='ocrx_word' id='word_1_11' title='bbox 2000 601 2121 663; x_wconf 89' lang='lat' dir='ltr'>soli</span> 
     </span>
    </p>

    <p class='ocr_par' dir='ltr' id='par_1_3' title="bbox 523 707 2124 788">
     <span class='ocr_line' id='line_1_3' title="bbox 523 707 2124 788; baseline 0.002 -20"><span class='ocrx_word' id='word_1_12' title='bbox 523 725 790 783; x_wconf 89' lang='lat' dir='ltr'>coepere</span> <span class='ocrx_word' id='word_1_13' title='bbox 823 713 887 769; x_wconf 91' lang='lat' dir='ltr'>et</span> <span class='ocrx_word' id='word_1_14' title='bbox 919 707 1139 770; x_wconf 92' lang='lat' dir='ltr'>radios</span> <span class='ocrx_word' id='word_1_15' title='bbox 1172 707 1348 770; x_wconf 91' lang='lat' dir='ltr'>inter</span> <span class='ocrx_word' id='word_1_16' title='bbox 1379 709 1566 786; x_wconf 86' lang='lat' dir='ltr'>quasi</span> <span class='ocrx_word' id='word_1_17' title='bbox 1600 729 1907 788; x_wconf 89' lang='lat' dir='ltr'>rumpere</span> <span class='ocrx_word' id='word_1_18' title='bbox 1939 710 2124 786; x_wconf 92' lang='lat' dir='ltr'>lucis,</span> 
     </span>
    </p>

    <p class='ocr_par' dir='ltr' id='par_1_4' title="bbox 524 816 2181 897">
     <span class='ocr_line' id='line_1_4' title="bbox 524 816 2181 897; baseline 0.003 -20"><span class='ocrx_word' id='word_1_19' title='bbox 524 817 852 893; x_wconf 86' lang='lat' dir='ltr'>extemplo</span> <span class='ocrx_word' id='word_1_20' title='bbox 882 816 1165 880; x_wconf 81' lang='lat' dir='ltr'>inferior</span> <span class='ocrx_word' id='word_1_21' title='bbox 1198 838 1355 896; x_wconf 87' lang='lat' dir='ltr'>pars</span> <span class='ocrx_word' id='word_1_22' title='bbox 1386 819 1621 881; x_wconf 90' lang='lat' dir='ltr'>horum</span> <span class='ocrx_word' id='word_1_23' title='bbox 1656 819 1938 897; x_wconf 81' lang='lat' dir='ltr'>disperit</span> <span class='ocrx_word' id='word_1_24' title='bbox 1970 820 2181 882; x_wconf 90' lang='lat' dir='ltr'>omnis</span> 
     </span>
    </p>

    <p class='ocr_par' dir='ltr' id='par_1_5' title="bbox 522 926 2401 1006">
     <span class='ocr_line' id='line_1_5' title="bbox 522 926 2401 1006; baseline 0.002 -20"><span class='ocrx_word' id='word_1_25' title='bbox 522 931 830 1003; x_wconf 89' lang='lat' dir='ltr'>terraque</span> <span class='ocrx_word' id='word_1_26' title='bbox 867 926 1291 990; x_wconf 86' lang='lat' dir='ltr'>inumbratur</span> <span class='ocrx_word' id='word_1_27' title='bbox 1328 948 1458 1005; x_wconf 87' lang='lat' dir='ltr'>qua</span> <span class='ocrx_word' id='word_1_28' title='bbox 1492 928 1701 990; x_wconf 90' lang='lat' dir='ltr'>nimbi</span> <span class='ocrx_word' id='word_1_29' title='bbox 1739 949 2014 1006; x_wconf 90' lang='lat' dir='ltr'>cumque</span> <span class='ocrx_word' id='word_1_30' title='bbox 2051 929 2401 1006; x_wconf 83' lang='lat' dir='ltr'>feruntur3</span> 
     </span>
    </p>

    <p class='ocr_par' dir='ltr' id='par_1_6' title="bbox 522 1035 2841 1227">
     <span class='ocr_line' id='line_1_6' title="bbox 522 1035 2841 1117; baseline 0.003 -20"><span class='ocrx_word' id='word_1_31' title='bbox 522 1039 598 1097; x_wconf 91' lang='lat' dir='ltr'>ut</span> <span class='ocrx_word' id='word_1_32' title='bbox 631 1055 858 1099; x_wconf 87' lang='lat' dir='ltr'>noscas</span> <span class='ocrx_word' id='word_1_33' title='bbox 889 1037 1237 1114; x_wconf 87' lang='lat' dir='ltr'>splendore</span> <span class='ocrx_word' id='word_1_34' title='bbox 1269 1057 1443 1100; x_wconf 92' lang='lat' dir='ltr'>nouo</span> <span class='ocrx_word' id='word_1_35' title='bbox 1475 1057 1578 1101; x_wconf 90' lang='lat' dir='ltr'>res</span> <span class='ocrx_word' id='word_1_36' title='bbox 1610 1058 1865 1116; x_wconf 88' lang='lat' dir='ltr'>semper</span> <span class='ocrx_word' id='word_1_37' title='bbox 1900 1059 2087 1117; x_wconf 91' lang='lat' dir='ltr'>egere</span> <span class='ocrx_word' id='word_1_38' title='bbox 2738 1035 2841 1085; x_wconf 83' lang='lat'>290</span> 
     </span>
     <span class='ocr_line' id='line_1_7' title="bbox 523 1144 2113 1227; baseline 0.003 -22"><span class='ocrx_word' id='word_1_39' title='bbox 523 1151 587 1206; x_wconf 91' lang='lat' dir='ltr'>et</span> <span class='ocrx_word' id='word_1_40' title='bbox 620 1144 908 1222; x_wconf 91' lang='lat' dir='ltr'>primum</span> <span class='ocrx_word' id='word_1_41' title='bbox 943 1145 1188 1209; x_wconf 95' lang='lat' dir='ltr'>iactum</span> <span class='ocrx_word' id='word_1_42' title='bbox 1222 1147 1505 1224; x_wconf 84' lang='lat' dir='ltr'>fulgoris</span> <span class='ocrx_word' id='word_1_43' title='bbox 1539 1167 1861 1225; x_wconf 90' lang='lat' dir='ltr'>quemque</span> <span class='ocrx_word' id='word_1_44' title='bbox 1896 1148 2113 1227; x_wconf 90' lang='lat' dir='ltr'>perire</span> 
     </span>
    </p>

    <p class='ocr_par' dir='ltr' id='par_1_7' title="bbox 522 1254 1989 1335">
     <span class='ocr_line' id='line_1_8' title="bbox 522 1254 1989 1335; baseline 0.003 -21"><span class='ocrx_word' id='word_1_45' title='bbox 522 1273 641 1317; x_wconf 90' lang='lat' dir='ltr'>nec</span> <span class='ocrx_word' id='word_1_46' title='bbox 674 1254 930 1318; x_wconf 87' lang='lat' dir='ltr'>ratione</span> <span class='ocrx_word' id='word_1_47' title='bbox 963 1256 1093 1319; x_wconf 87' lang='lat' dir='ltr'>alia</span> <span class='ocrx_word' id='word_1_48' title='bbox 1125 1276 1230 1319; x_wconf 90' lang='lat' dir='ltr'>res</span> <span class='ocrx_word' id='word_1_49' title='bbox 1262 1277 1448 1334; x_wconf 87' lang='lat' dir='ltr'>posse</span> <span class='ocrx_word' id='word_1_50' title='bbox 1481 1256 1552 1319; x_wconf 93' lang='lat' dir='ltr'>in</span> <span class='ocrx_word' id='word_1_51' title='bbox 1585 1258 1719 1321; x_wconf 91' lang='lat' dir='ltr'>sole</span> <span class='ocrx_word' id='word_1_52' title='bbox 1752 1257 1989 1335; x_wconf 90' lang='lat' dir='ltr'>uideri,</span> 
     </span>
    </p>
   </div>
   <div class='ocr_carea' id='block_1_3' title="bbox 522 1365 2104 1524">
    <p class='ocr_par' dir='ltr' id='par_1_8' title="bbox 522 1365 2104 1524">
     <span class='ocr_line' id='line_1_9' title="bbox 522 1365 2079 1446; baseline 0.004 -22"><span class='ocrx_word' id='word_1_53' title='bbox 522 1371 846 1442; x_wconf 91' lang='lat' dir='ltr'>perpetuo</span> <span class='ocrx_word' id='word_1_54' title='bbox 875 1365 946 1426; x_wconf 91' lang='lat' dir='ltr'>ni</span> <span class='ocrx_word' id='word_1_55' title='bbox 976 1366 1357 1444; x_wconf 83' lang='lat' dir='ltr'>suppeditet</span> <span class='ocrx_word' id='word_1_56' title='bbox 1388 1366 1553 1429; x_wconf 89' lang='lat' dir='ltr'>lucis</span> <span class='ocrx_word' id='word_1_57' title='bbox 1583 1374 1788 1446; x_wconf 90' lang='lat' dir='ltr'>caput</span> <span class='ocrx_word' id='word_1_58' title='bbox 1819 1367 2079 1444; x_wconf 90' lang='lat' dir='ltr'>ipsum.-</span> 
     </span>
     <span class='ocr_line' id='line_1_10' title="bbox 1063 1472 2104 1524; baseline 0.002 -2"><span class='ocrx_word' id='word_1_59' title='bbox 1063 1473 1164 1523; x_wconf 81' lang='lat' dir='ltr'>DE</span> <span class='ocrx_word' id='word_1_60' title='bbox 1200 1472 1573 1524; x_wconf 88' lang='lat' dir='ltr'>LAMPADE</span> <span class='ocrx_word' id='word_1_61' title='bbox 1611 1474 1707 1524; x_wconf 88' lang='lat' dir='ltr'>ET</span> <span class='ocrx_word' id='word_1_62' title='bbox 1743 1473 2104 1524; x_wconf 83' lang='lat' dir='ltr'><strong>LVGERNA</strong></span> 
     </span>
    </p>
   </div>
   <div class='ocr_carea' id='block_1_4' title="bbox 321 1561 2197 1640">
    <p class='ocr_par' dir='ltr' id='par_1_9' title="bbox 321 1561 2197 1640">
     <span class='ocr_line' id='line_1_11' title="bbox 321 1561 2197 1640; baseline 0.001 -16"><span class='ocrx_word' id='word_1_63' title='bbox 321 1563 332 1578; x_wconf 79' lang='lat'><strong>¹</strong></span> <span class='ocrx_word' id='word_1_64' title='bbox 437 1561 686 1640; x_wconf 82' lang='lat' dir='ltr'>—quin</span> <span class='ocrx_word' id='word_1_65' title='bbox 719 1562 916 1625; x_wconf 89' lang='lat' dir='ltr'>etiam</span> <span class='ocrx_word' id='word_1_66' title='bbox 949 1569 1277 1626; x_wconf 89' lang='lat' dir='ltr'>nocturna</span> <span class='ocrx_word' id='word_1_67' title='bbox 1306 1563 1431 1625; x_wconf 93' lang='lat' dir='ltr'>tibi</span> <span class='ocrx_word' id='word_1_68' title='bbox 1462 1563 1810 1626; x_wconf 85' lang='lat' dir='ltr'>terrestria</span> <span class='ocrx_word' id='word_1_69' title='bbox 1840 1582 2006 1640; x_wconf 88' lang='lat' dir='ltr'>quae</span> <span class='ocrx_word' id='word_1_70' title='bbox 2039 1570 2197 1626; x_wconf 89' lang='lat' dir='ltr'>sunt</span> 
     </span>
    </p>
   </div>
   <div class='ocr_carea' id='block_1_5' title="bbox 435 1671 2845 2739">
    <p class='ocr_par' dir='ltr' id='par_1_10' title="bbox 435 1671 2845 2739">
     <span class='ocr_line' id='line_1_12' title="bbox 522 1671 2845 1750; baseline 0.002 -18"><span class='ocrx_word' id='word_1_71' title='bbox 522 1671 794 1748; x_wconf 87' lang='lat' dir='ltr'>lumina,</span> <span class='ocrx_word' id='word_1_72' title='bbox 829 1672 1190 1749; x_wconf 86' lang='lat' dir='ltr'>pendentes</span> <span class='ocrx_word' id='word_1_73' title='bbox 1222 1673 1447 1749; x_wconf 80' lang='lat' dir='ltr'>lychni</span> <span class='ocrx_word' id='word_1_74' title='bbox 1480 1673 1826 1750; x_wconf 87' lang='lat' dir='ltr'>claraeque</span> <span class='ocrx_word' id='word_1_75' title='bbox 1859 1672 2145 1736; x_wconf 89' lang='lat' dir='ltr'>coruscis</span> <span class='ocrx_word' id='word_1_76' title='bbox 2736 1671 2845 1720; x_wconf 79' lang='lat'>295</span> 
     </span>
     <span class='ocr_line' id='line_1_13' title="bbox 523 1781 2032 1860; baseline 0.001 -18"><span class='ocrx_word' id='word_1_77' title='bbox 523 1781 908 1858; x_wconf 83' lang='lat' dir='ltr'>fulguribus</span> <span class='ocrx_word' id='word_1_78' title='bbox 938 1781 1218 1859; x_wconf 85' lang='lat' dir='ltr'>pingues</span> <span class='ocrx_word' id='word_1_79' title='bbox 1246 1783 1461 1846; x_wconf 90' lang='lat' dir='ltr'>multa</span> <span class='ocrx_word' id='word_1_80' title='bbox 1486 1783 1769 1860; x_wconf 87' lang='lat' dir='ltr'>caligine</span> <span class='ocrx_word' id='word_1_81' title='bbox 1800 1783 2032 1846; x_wconf 89' lang='lat' dir='ltr'>taedae</span> 
     </span>
     <span class='ocr_line' id='line_1_14' title="bbox 523 1890 2177 1970; baseline 0.001 -18"><span class='ocrx_word' id='word_1_82' title='bbox 523 1890 845 1952; x_wconf 92' lang='lat' dir='ltr'>consimili</span> <span class='ocrx_word' id='word_1_83' title='bbox 879 1898 1242 1970; x_wconf 89' lang='lat' dir='ltr'>properant</span> <span class='ocrx_word' id='word_1_84' title='bbox 1274 1892 1548 1969; x_wconf 87' lang='lat' dir='ltr'>ratione,</span> <span class='ocrx_word' id='word_1_85' title='bbox 1585 1892 1822 1956; x_wconf 89' lang='lat' dir='ltr'>ardore</span> <span class='ocrx_word' id='word_1_86' title='bbox 1854 1892 2177 1968; x_wconf 91' lang='lat' dir='ltr'>ministr0,</span> 
     </span>
     <span class='ocr_line' id='line_1_15' title="bbox 520 2000 2432 2080; baseline 0.002 -19"><span class='ocrx_word' id='word_1_87' title='bbox 520 2000 950 2078; x_wconf 86' lang='lat' dir='ltr'>suppeditare</span> <span class='ocrx_word' id='word_1_88' title='bbox 987 2021 1226 2064; x_wconf 93' lang='lat' dir='ltr'>nouom</span> <span class='ocrx_word' id='word_1_89' title='bbox 1263 2002 1504 2077; x_wconf 92' lang='lat' dir='ltr'>lumen,</span> <span class='ocrx_word' id='word_1_90' title='bbox 1542 2007 1821 2063; x_wconf 90' lang='lat' dir='ltr'>tremere</span> <span class='ocrx_word' id='word_1_91' title='bbox 1859 2002 2125 2080; x_wconf 87' lang='lat' dir='ltr'>ignibus</span> <span class='ocrx_word' id='word_1_92' title='bbox 2158 2001 2432 2079; x_wconf 87' lang='lat' dir='ltr'>instant,</span> 
     </span>
     <span class='ocr_line' id='line_1_16' title="bbox 522 2109 2323 2190; baseline 0.002 -20"><span class='ocrx_word' id='word_1_93' title='bbox 522 2109 794 2186; x_wconf 88' lang='lat' dir='ltr'>instant,</span> <span class='ocrx_word' id='word_1_94' title='bbox 830 2131 948 2172; x_wconf 92' lang='lat' dir='ltr'>nec</span> <span class='ocrx_word' id='word_1_95' title='bbox 980 2111 1122 2173; x_wconf 86' lang='lat' dir='ltr'>loca</span> <span class='ocrx_word' id='word_1_96' title='bbox 1153 2111 1270 2173; x_wconf 83' lang='lat' dir='ltr'>lux</span> <span class='ocrx_word' id='word_1_97' title='bbox 1303 2111 1478 2174; x_wconf 93' lang='lat' dir='ltr'>inter</span> <span class='ocrx_word' id='word_1_98' title='bbox 1511 2112 1702 2188; x_wconf 92' lang='lat' dir='ltr'>quasi</span> <span class='ocrx_word' id='word_1_99' title='bbox 1736 2119 1939 2190; x_wconf 89' lang='lat' dir='ltr'>rupta</span> <span class='ocrx_word' id='word_1_100' title='bbox 1971 2111 2323 2189; x_wconf 91' lang='lat' dir='ltr'>relinquit:</span> 
     </span>
     <span class='ocr_line' id='line_1_17' title="bbox 521 2219 2844 2299; baseline 0.001 -18"><span class='ocrx_word' id='word_1_101' title='bbox 521 2239 727 2297; x_wconf 90' lang='lat' dir='ltr'>usque</span> <span class='ocrx_word' id='word_1_102' title='bbox 761 2220 922 2282; x_wconf 92' lang='lat' dir='ltr'>adeo</span> <span class='ocrx_word' id='word_1_103' title='bbox 952 2227 1389 2298; x_wconf 89' lang='lat' dir='ltr'>properanter</span> <span class='ocrx_word' id='word_1_104' title='bbox 1421 2222 1501 2283; x_wconf 93' lang='lat' dir='ltr'>ab</span> <span class='ocrx_word' id='word_1_105' title='bbox 1534 2221 1838 2284; x_wconf 90' lang='lat' dir='ltr'>omnibus</span> <span class='ocrx_word' id='word_1_106' title='bbox 1868 2221 2132 2299; x_wconf 88' lang='lat' dir='ltr'>ignibus</span> <span class='ocrx_word' id='word_1_107' title='bbox 2164 2221 2223 2284; x_wconf 91' lang='lat' dir='ltr'>ei</span> <span class='ocrx_word' id='word_1_108' title='bbox 2736 2219 2844 2268; x_wconf 87' lang='lat'>300</span> 
     </span>
     <span class='ocr_line' id='line_1_18' title="bbox 523 2328 2374 2409; baseline 0.002 -17"><span class='ocrx_word' id='word_1_109' title='bbox 523 2330 796 2392; x_wconf 87' lang='lat' dir='ltr'>exitium</span> <span class='ocrx_word' id='word_1_110' title='bbox 828 2330 1022 2393; x_wconf 90' lang='lat' dir='ltr'>celeri</span> <span class='ocrx_word' id='word_1_111' title='bbox 1054 2333 1380 2395; x_wconf 90' lang='lat' dir='ltr'>celeratur</span> <span class='ocrx_word' id='word_1_112' title='bbox 1413 2331 1666 2409; x_wconf 90' lang='lat' dir='ltr'>origine</span> <span class='ocrx_word' id='word_1_113' title='bbox 1698 2332 2014 2395; x_wconf 86' lang='lat' dir='ltr'>flammae.</span> <span class='ocrx_word' id='word_1_114' title='bbox 2370 2328 2374 2331; x_wconf 41' lang='lat'><strong>⁴</strong></span> 
     </span>
     <span class='ocr_line' id='line_1_19' title="bbox 435 2439 2135 2519; baseline 0.001 -18"><span class='ocrx_word' id='word_1_115' title='bbox 435 2439 613 2501; x_wconf 90' lang='lat' dir='ltr'>—sic</span> <span class='ocrx_word' id='word_1_116' title='bbox 645 2439 854 2517; x_wconf 87' lang='lat' dir='ltr'>igitur</span> <span class='ocrx_word' id='word_1_117' title='bbox 883 2441 1082 2502; x_wconf 91' lang='lat' dir='ltr'>solem</span> <span class='ocrx_word' id='word_1_118' title='bbox 1115 2441 1341 2503; x_wconf 91' lang='lat' dir='ltr'>lunam</span> <span class='ocrx_word' id='word_1_119' title='bbox 1374 2443 1724 2519; x_wconf 86' lang='lat' dir='ltr'>stellasque</span> <span class='ocrx_word' id='word_1_120' title='bbox 1760 2442 2135 2518; x_wconf 88' lang='lat' dir='ltr'>putandum</span> 
     </span>
     <span class='ocr_line' id='line_1_20' title="bbox 523 2550 1975 2627; baseline 0.001 -15"><span class='ocrx_word' id='word_1_121' title='bbox 523 2571 602 2612; x_wconf 86' lang='lat' dir='ltr'>ex</span> <span class='ocrx_word' id='word_1_122' title='bbox 631 2550 760 2612; x_wconf 87' lang='lat' dir='ltr'>alio</span> <span class='ocrx_word' id='word_1_123' title='bbox 790 2556 987 2627; x_wconf 87' lang='lat' dir='ltr'>atque</span> <span class='ocrx_word' id='word_1_124' title='bbox 1018 2550 1150 2613; x_wconf 85' lang='lat' dir='ltr'>alio</span> <span class='ocrx_word' id='word_1_125' title='bbox 1178 2552 1388 2614; x_wconf 91' lang='lat' dir='ltr'>lucem</span> <span class='ocrx_word' id='word_1_126' title='bbox 1421 2551 1667 2615; x_wconf 90' lang='lat' dir='ltr'>iactare</span> <span class='ocrx_word' id='word_1_127' title='bbox 1698 2552 1975 2614; x_wconf 92' lang='lat' dir='ltr'>subortu</span> 
     </span>
     <span class='ocr_line' id='line_1_21' title="bbox 523 2659 2360 2739; baseline 0.001 -20"><span class='ocrx_word' id='word_1_128' title='bbox 523 2664 588 2720; x_wconf 91' lang='lat' dir='ltr'>et</span> <span class='ocrx_word' id='word_1_129' title='bbox 622 2659 911 2736; x_wconf 91' lang='lat' dir='ltr'>primum</span> <span class='ocrx_word' id='word_1_130' title='bbox 947 2660 1271 2737; x_wconf 91' lang='lat' dir='ltr'>quidquid</span> <span class='ocrx_word' id='word_1_131' title='bbox 1309 2661 1723 2723; x_wconf 89' lang='lat' dir='ltr'>flammarum</span> <span class='ocrx_word' id='word_1_132' title='bbox 1759 2661 2034 2739; x_wconf 90' lang='lat' dir='ltr'>perdere</span> <span class='ocrx_word' id='word_1_133' title='bbox 2070 2681 2360 2738; x_wconf 84' lang='lat' dir='ltr'>semper3</span> 
     </span>
    </p>
   </div>
   <div class='ocr_carea' id='block_1_6' title="bbox 524 2768 2846 2941">
    <p class='ocr_par' dir='ltr' id='par_1_11' title="bbox 524 2768 2846 2941">
     <span class='ocr_line' id='line_1_22' title="bbox 524 2768 2846 2848; baseline 0 -19"><span class='ocrx_word' id='word_1_134' title='bbox 524 2768 936 2832; x_wconf 87' lang='lat' dir='ltr'>inuiolabilia</span> <span class='ocrx_word' id='word_1_135' title='bbox 965 2771 1124 2832; x_wconf 90' lang='lat' dir='ltr'>haec</span> <span class='ocrx_word' id='word_1_136' title='bbox 1155 2790 1236 2831; x_wconf 90' lang='lat' dir='ltr'>ne</span> <span class='ocrx_word' id='word_1_137' title='bbox 1269 2771 1497 2833; x_wconf 89' lang='lat' dir='ltr'>credas</span> <span class='ocrx_word' id='word_1_138' title='bbox 1528 2770 1704 2834; x_wconf 82' lang='lat' dir='ltr'>forte</span> <span class='ocrx_word' id='word_1_139' title='bbox 1736 2770 1981 2848; x_wconf 88' lang='lat' dir='ltr'>uigere.</span> <span class='ocrx_word' id='word_1_140' title='bbox 2736 2769 2846 2819; x_wconf 86' lang='lat'>305</span> 
     </span>
     <span class='ocr_line' id='line_1_23' title="bbox 731 2875 2434 2941; baseline 0 -16"><span class='ocrx_word' id='word_1_141' title='bbox 731 2875 832 2925; x_wconf 89' lang='lat' dir='ltr'>DE</span> <span class='ocrx_word' id='word_1_142' title='bbox 875 2875 1283 2927; x_wconf 79' lang='lat' dir='ltr'>AEDIFICIIS</span> <span class='ocrx_word' id='word_1_143' title='bbox 1328 2876 1944 2941; x_wconf 79' lang='lat' dir='ltr'><strong>QVEMADMODVM</strong></span> <span class='ocrx_word' id='word_1_144' title='bbox 1986 2876 2434 2927; x_wconf 79' lang='lat' dir='ltr'>INTEREANT</span> 
     </span>
    </p>
   </div>
   <div class='ocr_carea' id='block_1_7' title="bbox 522 2966 2843 3921">
    <p class='ocr_par' dir='ltr' id='par_1_12' title="bbox 522 2966 2843 3921">
     <span class='ocr_line' id='line_1_24' title="bbox 650 2966 2481 3044; baseline 0 -17"><span class='ocrx_word' id='word_1_145' title='bbox 650 2966 950 3043; x_wconf 91' lang='lat' dir='ltr'>Denique</span> <span class='ocrx_word' id='word_1_146' title='bbox 982 2986 1114 3028; x_wconf 92' lang='lat' dir='ltr'>non</span> <span class='ocrx_word' id='word_1_147' title='bbox 1146 2967 1401 3044; x_wconf 87' lang='lat' dir='ltr'>lapides</span> <span class='ocrx_word' id='word_1_148' title='bbox 1434 2988 1691 3044; x_wconf 92' lang='lat' dir='ltr'>quoque</span> <span class='ocrx_word' id='word_1_149' title='bbox 1723 2966 1906 3029; x_wconf 89' lang='lat' dir='ltr'>uinci</span> <span class='ocrx_word' id='word_1_150' title='bbox 1937 2966 2153 3029; x_wconf 91' lang='lat' dir='ltr'>cernis</span> <span class='ocrx_word' id='word_1_151' title='bbox 2186 2967 2267 3029; x_wconf 87' lang='lat' dir='ltr'>ab</span> <span class='ocrx_word' id='word_1_152' title='bbox 2300 2985 2481 3042; x_wconf 88' lang='lat' dir='ltr'>aeu0,</span> 
     </span>
     <span class='ocr_line' id='line_1_25' title="bbox 523 3075 2054 3154; baseline 0.001 -17"><span class='ocrx_word' id='word_1_153' title='bbox 523 3096 656 3138; x_wconf 95' lang='lat' dir='ltr'>non</span> <span class='ocrx_word' id='word_1_154' title='bbox 691 3077 860 3139; x_wconf 87' lang='lat' dir='ltr'>altas</span> <span class='ocrx_word' id='word_1_155' title='bbox 892 3075 1103 3138; x_wconf 89' lang='lat' dir='ltr'>turris</span> <span class='ocrx_word' id='word_1_156' title='bbox 1136 3096 1328 3138; x_wconf 92' lang='lat' dir='ltr'>ruere</span> <span class='ocrx_word' id='word_1_157' title='bbox 1365 3083 1430 3138; x_wconf 91' lang='lat' dir='ltr'>et</span> <span class='ocrx_word' id='word_1_158' title='bbox 1464 3081 1841 3154; x_wconf 90' lang='lat' dir='ltr'>putrescere</span> <span class='ocrx_word' id='word_1_159' title='bbox 1878 3096 2054 3152; x_wconf 85' lang='lat' dir='ltr'>saxa,</span> 
     </span>
     <span class='ocr_line' id='line_1_26' title="bbox 523 3185 2208 3263; baseline 0 -17"><span class='ocrx_word' id='word_1_160' title='bbox 523 3205 655 3247; x_wconf 93' lang='lat' dir='ltr'>non</span> <span class='ocrx_word' id='word_1_161' title='bbox 693 3186 969 3248; x_wconf 87' lang='lat' dir='ltr'>delubra</span> <span class='ocrx_word' id='word_1_162' title='bbox 1004 3186 1198 3248; x_wconf 90' lang='lat' dir='ltr'>deum</span> <span class='ocrx_word' id='word_1_163' title='bbox 1236 3186 1716 3263; x_wconf 87' lang='lat' dir='ltr'>simulacraque</span> <span class='ocrx_word' id='word_1_164' title='bbox 1754 3185 1929 3248; x_wconf 83' lang='lat' dir='ltr'>fessa</span> <span class='ocrx_word' id='word_1_165' title='bbox 1966 3185 2208 3262; x_wconf 76' lang='lat' dir='ltr'>fatisci,</span> 
     </span>
     <span class='ocr_line' id='line_1_27' title="bbox 523 3294 1985 3374; baseline 0.001 -18"><span class='ocrx_word' id='word_1_166' title='bbox 523 3315 641 3357; x_wconf 91' lang='lat' dir='ltr'>nec</span> <span class='ocrx_word' id='word_1_167' title='bbox 675 3302 976 3358; x_wconf 87' lang='lat' dir='ltr'>sanctum</span> <span class='ocrx_word' id='word_1_168' title='bbox 1008 3315 1253 3357; x_wconf 90' lang='lat' dir='ltr'>numen</span> <span class='ocrx_word' id='word_1_169' title='bbox 1285 3295 1414 3358; x_wconf 83' lang='lat' dir='ltr'>fati</span> <span class='ocrx_word' id='word_1_170' title='bbox 1448 3296 1801 3374; x_wconf 87' lang='lat' dir='ltr'>protollere</span> <span class='ocrx_word' id='word_1_171' title='bbox 1835 3294 1985 3357; x_wconf 88' lang='lat' dir='ltr'>finis</span> 
     </span>
     <span class='ocr_line' id='line_1_28' title="bbox 523 3402 2843 3483; baseline 0 -17"><span class='ocrx_word' id='word_1_172' title='bbox 523 3424 709 3483; x_wconf 89' lang='lat' dir='ltr'>posse</span> <span class='ocrx_word' id='word_1_173' title='bbox 737 3425 949 3482; x_wconf 89' lang='lat' dir='ltr'>neque</span> <span class='ocrx_word' id='word_1_174' title='bbox 979 3405 1298 3467; x_wconf 89' lang='lat' dir='ltr'>aduersus</span> <span class='ocrx_word' id='word_1_175' title='bbox 1328 3412 1608 3468; x_wconf 89' lang='lat' dir='ltr'>naturae</span> <span class='ocrx_word' id='word_1_176' title='bbox 1641 3405 1913 3467; x_wconf 84' lang='lat' dir='ltr'>foedera</span> <span class='ocrx_word' id='word_1_177' title='bbox 1942 3404 2112 3483; x_wconf 69' lang='lat' dir='ltr'>niti?</span> <span class='ocrx_word' id='word_1_178' title='bbox 2736 3402 2843 3451; x_wconf 86' lang='lat'>310</span> 
     </span>
     <span class='ocr_line' id='line_1_29' title="bbox 524 3512 2300 3592; baseline 0 -15"><span class='ocrx_word' id='word_1_179' title='bbox 524 3513 806 3592; x_wconf 88' lang='lat' dir='ltr'>denique</span> <span class='ocrx_word' id='word_1_180' title='bbox 841 3534 973 3576; x_wconf 96' lang='lat' dir='ltr'>non</span> <span class='ocrx_word' id='word_1_181' title='bbox 1008 3514 1410 3577; x_wconf 89' lang='lat' dir='ltr'>monimenta</span> <span class='ocrx_word' id='word_1_182' title='bbox 1442 3514 1666 3576; x_wconf 90' lang='lat' dir='ltr'>uirum</span> <span class='ocrx_word' id='word_1_183' title='bbox 1703 3514 1964 3591; x_wconf 88' lang='lat' dir='ltr'>dilapsa</span> <span class='ocrx_word' id='word_1_184' title='bbox 1997 3512 2300 3577; x_wconf 90' lang='lat' dir='ltr'>uidemus</span> 
     </span>
     <span class='ocr_line' id='line_1_30' title="bbox 529 3622 2424 3701; baseline -0.001 -14"><span class='ocrx_word' id='word_1_185' title='bbox 529 3624 878 3701; x_wconf 89' lang='lat' dir='ltr'>†quaerere</span> <span class='ocrx_word' id='word_1_186' title='bbox 918 3643 1243 3701; x_wconf 92' lang='lat' dir='ltr'>proporro</span> <span class='ocrx_word' id='word_1_187' title='bbox 1278 3623 1402 3685; x_wconf 87' lang='lat' dir='ltr'>sibi</span> <span class='ocrx_word' id='word_1_188' title='bbox 1441 3644 1718 3700; x_wconf 91' lang='lat' dir='ltr'>cumque</span> <span class='ocrx_word' id='word_1_189' title='bbox 1755 3644 2086 3687; x_wconf 88' lang='lat' dir='ltr'>senescere</span> <span class='ocrx_word' id='word_1_190' title='bbox 2124 3624 2353 3687; x_wconf 88' lang='lat' dir='ltr'>credas</span> <span class='ocrx_word' id='word_1_191' title='bbox 2396 3622 2424 3692; x_wconf 86' lang='lat'>†</span> 
     </span>
     <span class='ocr_line' id='line_1_31' title="bbox 522 3732 2032 3796; baseline -0.001 -1"><span class='ocrx_word' id='word_1_192' title='bbox 522 3754 656 3796; x_wconf 93' lang='lat' dir='ltr'>non</span> <span class='ocrx_word' id='word_1_193' title='bbox 689 3753 880 3796; x_wconf 90' lang='lat' dir='ltr'>ruere</span> <span class='ocrx_word' id='word_1_194' title='bbox 913 3734 1168 3796; x_wconf 90' lang='lat' dir='ltr'>auolsos</span> <span class='ocrx_word' id='word_1_195' title='bbox 1201 3732 1413 3796; x_wconf 88' lang='lat' dir='ltr'>silices</span> <span class='ocrx_word' id='word_1_196' title='bbox 1443 3753 1483 3796; x_wconf 93' lang='lat' dir='ltr'>a</span> <span class='ocrx_word' id='word_1_197' title='bbox 1512 3732 1847 3795; x_wconf 93' lang='lat' dir='ltr'>montibus</span> <span class='ocrx_word' id='word_1_198' title='bbox 1879 3733 2032 3796; x_wconf 80' lang='lat' dir='ltr'>altis</span> 
     </span>
     <span class='ocr_line' id='line_1_32' title="bbox 522 3842 1969 3921; baseline 0 -15"><span class='ocrx_word' id='word_1_199' title='bbox 522 3864 642 3907; x_wconf 89' lang='lat' dir='ltr'>nec</span> <span class='ocrx_word' id='word_1_200' title='bbox 675 3842 934 3906; x_wconf 89' lang='lat' dir='ltr'>ualidas</span> <span class='ocrx_word' id='word_1_201' title='bbox 969 3842 1116 3905; x_wconf 89' lang='lat' dir='ltr'>aeui</span> <span class='ocrx_word' id='word_1_202' title='bbox 1149 3842 1328 3905; x_wconf 88' lang='lat' dir='ltr'>uires</span> <span class='ocrx_word' id='word_1_203' title='bbox 1361 3842 1663 3921; x_wconf 83' lang='lat' dir='ltr'>perferre</span> <span class='ocrx_word' id='word_1_204' title='bbox 1697 3842 1969 3920; x_wconf 91' lang='lat' dir='ltr'>patique</span> 
     </span>
    </p>
   </div>
   <div class='ocr_carea' id='block_1_8' title="bbox 546 3974 2331 4108">
    <p class='ocr_par' dir='ltr' id='par_1_13' title="bbox 546 3974 2331 4108">
     <span class='ocr_line' id='line_1_33' title="bbox 546 3974 1053 4036; baseline -0.002 -12"><span class='ocrx_word' id='word_1_205' title='bbox 546 3975 647 4024; x_wconf 87' lang='grc'>301</span> <span class='ocrx_word' id='word_1_206' title='bbox 667 3974 812 4036; x_wconf 65' lang='grc' dir='ltr'><strong><em>ναῖς.</em></strong></span> <span class='ocrx_word' id='word_1_207' title='bbox 843 3974 1053 4024; x_wconf 86' lang='lat' dir='ltr'>celatur</span> 
     </span>
     <span class='ocr_line' id='line_1_34' title="bbox 546 4042 2331 4108; baseline 0.001 -16"><span class='ocrx_word' id='word_1_208' title='bbox 546 4044 646 4092; x_wconf 86' lang='lat'>312</span> <span class='ocrx_word' id='word_1_209' title='bbox 669 4043 803 4106; x_wconf 78' lang='lat' dir='ltr'>fort.</span> <span class='ocrx_word' id='word_1_210' title='bbox 838 4042 1170 4107; x_wconf 85' lang='lat' dir='ltr'>conquerier</span> <span class='ocrx_word' id='word_1_211' title='bbox 1199 4057 1367 4108; x_wconf 85' lang='lat' dir='ltr'>porro</span> <span class='ocrx_word' id='word_1_212' title='bbox 1397 4042 1511 4093; x_wconf 86' lang='lat' dir='ltr'>sibi</span> <span class='ocrx_word' id='word_1_213' title='bbox 1543 4057 1779 4107; x_wconf 87' lang='lat' dir='ltr'>cumque</span> <span class='ocrx_word' id='word_1_214' title='bbox 1812 4056 2105 4093; x_wconf 86' lang='lat' dir='ltr'>senescere</span> <span class='ocrx_word' id='word_1_215' title='bbox 2135 4046 2331 4108; x_wconf 81' lang='lat' dir='ltr'>petras</span> 
     </span>
    </p>
   </div>
   <div class='ocr_carea' id='block_1_9' title="bbox 1513 4161 1770 4215">
    <p class='ocr_par' dir='ltr' id='par_1_14' title="bbox 1513 4161 1770 4215">
     <span class='ocr_line' id='line_1_35' title="bbox 1513 4161 1770 4215; baseline 0.004 -11"><span class='ocrx_word' id='word_1_216' title='bbox 1513 4161 1661 4215; x_wconf 73' lang='lat'>[174]</span> <span class='ocrx_word' id='word_1_217' title='bbox 1765 4197 1770 4205; x_wconf 92' lang='lat'><em>.</em></span> 
     </span>
    </p>
   </div>
  </div>
 </body>
</html>
