3182 4602
1141 407 1244 456 DE
1280 407 1546 457 RERVM
1582 406 1894 457 NATVRA
1932 406 2019 455 11⁷

681 792 816 854 Nec
847 792 1084 855 mulier
1115 812 1370 870 semper
1403 792 1554 856 ficto
1585 792 1880 871 suspirat
1914 780 2130 855 amore
2156 774 2161 779 ³

558 922 724 978 quae
754 903 1073 979 conplexa
1103 902 1236 964 uiri
1268 922 1507 980 corpus
1537 923 1686 964 cum
1718 922 1989 980 corpore
2019 900 2240 977 iungit

558 1018 622 1073 et
651 1018 831 1074 tenet
865 1012 1158 1074 adsuctis
1183 1018 1524 1074 umectans
1555 1012 1774 1074 oscula
1806 1011 2027 1074 labris.

528 1122 714 1196 (nam
743 1120 908 1184 facit
938 1142 1017 1184 ex
1047 1121 1272 1207 animo·
1289 1141 1483 1199 saepe
1514 1127 1576 1184 et
1610 1120 1979 1183 communia
2009 1139 2329 1197 quaerens
2740 1115 2869 1163 1195

558 1231 803 1307 gaudia
837 1230 1149 1294 sollicitat
1185 1230 1477 1308 spatium
1513 1232 1862 1293 decurrere
1900 1208 2191 1306 amoris.)

472 1361 676 1403 —nec
710 1340 966 1403 ratione
1001 1340 1131 1403 alia
1164 1341 1466 1403 uolucres
1501 1348 1801 1403 armenta
1838 1339 2147 1416 feraeque

559 1458 623 1512 et
655 1450 937 1527 pecudes
969 1456 1033 1512 et
1067 1469 1269 1526 equae
1300 1450 1594 1512 maribus
1626 1449 1961 1511 subsidere
1994 1454 2277 1527 possent,

559 1560 615 1621 si
643 1580 796 1636 non,
829 1559 976 1637 ipsa
1005 1560 1180 1636 quod
1213 1559 1479 1622 illarum
1508 1560 1703 1621 subat
1736 1560 1925 1622 ardet
1957 1559 2303 1631 abundans

557 1676 801 1732 natura
831 1677 894 1732 et
923 1662 1246 1730 Venerem
1276 1669 1629 1731 salientum
1658 1670 1834 1731 laeta
1863 1674 2201 1731 retractat.
2740 1663 2869 1711 1200

558 1799 774 1842 nonne
807 1779 994 1842 uides
1026 1779 1224 1843 etiam
1258 1799 1420 1856 quos
1449 1784 1683 1841 mutua
1714 1798 1906 1855 saepe
1939 1778 2251 1854 uoluptas

558 1887 798 1965 uinxit,
834 1895 912 1951 ut
947 1888 1016 1949 in
1051 1889 1291 1952 uinclis
1326 1888 1780 1951 communibus
1816 1887 2320 1950 excrucientur?

559 1997 630 2058 in
659 1997 883 2060 triuiis
913 2019 1060 2060 cum
1090 2019 1282 2077 saepe
1314 2020 1525 2075 caneS,
1559 1999 1892 2062 discedere
1923 1998 2201 2073 auentiS,

559 2107 810 2169 diuorsi
845 2108 1084 2185 cupide
1119 2108 1389 2171 summis
1425 2130 1504 2171 ex
1539 2108 1794 2170 uiribu'
1830 2109 2137 2183 tendunt,
2741 2102 2870 2151 1210

560 2236 755 2293 quom
788 2217 1042 2280 interea
1072 2217 1316 2280 ualidis
1346 2217 1626 2280 Veneris
1660 2217 2084 2295 compagibus
2115 2218 2408 2279 haerent.
2740 2212 2871 2260 1204

561 2328 736 2404 quod
771 2326 1068 2390 facerent
1101 2349 1460 2405 numquam
1495 2329 1623 2390 nisi
1657 2335 1890 2413 mutua
1925 2328 2171 2405 gaudia
2203 2333 2466 2389 nossent

561 2456 727 2512 quae
762 2437 972 2500 iacere
1008 2437 1077 2498 in
1112 2437 1420 2500 fraudem
1456 2445 1720 2516 possent
1756 2437 2143 2514 uinctosque
2175 2443 2417 2500 tenere.

475 2566 765 2622 —quare
798 2546 996 2608 etiam
1029 2553 1223 2623 atque
1257 2547 1474 2623 etiam,
1506 2554 1582 2610 ut
1618 2547 1780 2624 (1100,
1816 2554 1912 2609 est
1944 2545 2301 2610 communi’
2333 2547 2667 2623 uoluptas

688 2740 777 2801 Et
811 2739 1282 2802 commiscendo
1315 2761 1509 2817 quom
1542 2741 1783 2804 semine
1817 2740 1993 2803 forte
2023 2740 2208 2802 uirili

561 2847 813 2911 femina
844 2848 982 2911 uim
1012 2849 1176 2911 uicit
1209 2849 1428 2912 subita
1458 2849 1531 2911 ui
1563 2850 2035 2928 corripuitque,
2461 2853 2469 2868 '
2742 2845 2871 2893 1209

559 2965 704 3020 tum
739 2958 980 3020 similes
1015 2964 1304 3020 matrum
1339 2966 1640 3021 materno
1672 2959 1914 3022 semine
1947 2959 2137 3035 fiunt,
2742 2956 2871 3004 1211

560 3075 638 3129 ut
670 3067 972 3144 patribus
1005 3067 1243 3144 patrio.
1319 3069 1432 3130 sed
1467 3088 1629 3145 quos
1660 3069 2005 3146 utriusque
2037 3068 2289 3146 figurae

563 3196 695 3237 esse
726 3177 930 3253 uides,
966 3176 1204 3238 iuxtim
1236 3177 1578 3239 miscentes
1612 3177 1803 3240 uulta
1836 3185 2207 3255 parentum,

563 3305 832 3363 corpore
868 3287 948 3348 de
985 3286 1207 3363 patrio
1242 3292 1306 3349 et
1341 3293 1638 3349 materno
1677 3287 1995 3364 sanguine
2032 3293 2354 3364 crescunt,

563 3395 811 3458 semina
844 3416 991 3457 cum
1023 3396 1303 3458 Veneris
1333 3396 1619 3458 stimulis
1652 3396 1864 3458 excita
1897 3416 2014 3473 per
2049 3404 2235 3459 artus
2507 3409 2509 3411 ’
2741 3392 2871 3441 1215

561 3505 758 3568 obuia
793 3505 1087 3568 conflixit
1125 3505 1512 3582 conspirans
1549 3506 1821 3568 mutuus
1859 3506 2075 3582 ardor,

562 3621 626 3676 et
660 3634 869 3692 neque
903 3621 1132 3676 utrum
1165 3615 1510 3692 superauit
1545 3635 1770 3677 eorum
1804 3635 1922 3676 nec
1955 3621 2422 3692 superatumst.

477 3725 649 3800 —fit
685 3744 941 3801 quoque
976 3731 1052 3786 ut
1087 3725 1424 3786 interdum
1461 3724 1703 3785 similes
1740 3724 2015 3787 existere
2051 3745 2328 3787 auorum

562 3833 815 3911 possint
849 3839 912 3894 et
943 3833 1242 3896 referant
1274 3854 1679 3912 proauorum
1709 3853 1901 3910 saepe
1931 3833 2180 3911 figuras

551 3965 685 4013 1199
707 3965 932 4015 illorum

551 4033 686 4081 1203
707 4033 852 4093 vuly.
886 4047 1046 4095 quam

552 4101 687 4149 1208
709 4099 806 4148 aliz·
837 4099 1052 4149 uirilem

571 4165 574 4168 ’
1555 4176 1702 4227 [160]
