3182 4602
1145 339 1204 388 T.
1243 338 1568 390 LVGRETI
1605 339 1782 390 CARI

401 549 722 614 sensimus
754 548 982 613 infuso
1010 552 1434 629 lympharum
1467 572 1617 616 rore
1650 573 1954 631 superne.

403 680 608 737 usque
642 661 805 723 adeo
836 660 906 722 in
939 662 1134 724 rebus
1162 662 1358 724 solidi
1390 662 1560 724 nihil
1591 681 1726 724 esse
1758 662 2050 726 uidetur.

1133 855 1141 866 ”
1184 853 1527 904 SOLIDVM
1561 855 1743 905 ESSE

405 940 534 1004 Sed
567 941 725 1019 quia
755 963 917 1005 uera
948 949 1169 1005 tamen
1203 942 1374 1006 ratio
1408 951 1781 1021 naturaque
1815 964 2038 1007 rerum

404 1051 596 1129 cogit,
630 1052 801 1128 adeS,
836 1052 1065 1130 paucis
1093 1053 1255 1115 dum
1283 1054 1586 1116 uersibus
1616 1053 2041 1132 expediamus

404 1181 538 1223 esse
570 1181 647 1230 ea
677 1182 843 1239 quae
876 1162 1080 1226 solido
1115 1169 1311 1240 atque
1345 1170 1615 1226 aeterno
1644 1183 1915 1242 corpore
1949 1170 2268 1240 constent,

402 1271 651 1334 semina
685 1292 851 1349 quae
886 1292 1108 1334 rerum
1144 1272 1638 1350 primordiaque
1674 1293 1809 1336 esse
1844 1273 2167 1349 docemuS‚

402 1381 580 1444 unde
609 1381 818 1443 omnis
849 1402 1071 1444 rerum
1101 1403 1278 1444 nunc
1309 1389 1561 1445 constet
1594 1403 1847 1445 summa
1877 1390 2117 1446 creata.

442 1490 870 1569 —Principio
910 1491 1221 1568 quoniam
1261 1493 1509 1570 duplex
1549 1497 1795 1555 natura
1835 1493 2121 1555 duarum

406 1599 740 1662 dissimilis
775 1621 998 1663 rerum
1035 1603 1226 1679 longe
1262 1609 1562 1665 constare
1598 1608 1946 1680 repertast,

375 1709 719 1787 (corporis,
755 1716 951 1788 atque
984 1711 1110 1774 loci
1144 1731 1248 1774 res
1279 1711 1348 1772 in
1383 1732 1514 1789 quo
1545 1733 1840 1789 quaeque
1877 1713 2236 1789 geruntur)

405 1839 540 1882 esse
572 1826 922 1897 utramque
952 1821 1078 1883 sibi
1111 1841 1229 1899 per
1263 1842 1328 1885 se
1363 1842 1731 1899 puramque
1764 1827 2101 1885 necessest.

404 1949 558 1991 ‘nam
590 1950 999 2007 quacumque
1032 1937 1230 1993 uacat
1264 1931 1573 2009 spatium,
1612 1932 1787 2009 quod
1822 1931 2017 1994 inane
2051 1952 2382 2009 uocamUS,

405 2058 646 2116 corpus
677 2061 752 2102 ea
784 2059 917 2102 non
951 2046 1082 2118 est;
1118 2061 1248 2118 qua
1284 2061 1481 2119 porro
1516 2062 1794 2119 cumque
1827 2048 2008 2105 tenet
2043 2062 2109 2106 se

405 2168 662 2226 corpuS,
697 2169 774 2212 ea
803 2170 1089 2212 uacuum
1123 2171 1539 2228 nequaquam
1572 2158 1830 2214 constat
1864 2151 2079 2214 inane.

319 2265 562 2321 —sunt
595 2258 802 2337 igitur
836 2259 1048 2323 solida
1080 2281 1154 2323 ac
1188 2260 1327 2325 sine
1361 2260 1547 2325 inani
1581 2281 1860 2339 corpora
1893 2261 2127 2340 prima.

318 2376 748 2445 —praeterea
780 2370 1089 2447 quoniam
1122 2370 1361 2448 genitis
1392 2371 1461 2432 in
1493 2373 1690 2434 rebus
1722 2371 2000 2448 inanest,

404 2479 742 2541 materiem
777 2479 1025 2542 circum
1057 2480 1332 2543 solidam
1366 2488 1666 2544 constare
1700 2488 2038 2558 necessest,

403 2608 523 2650 nec
557 2608 662 2649 res
693 2589 831 2651 ulla
865 2596 1080 2667 potest
1112 2610 1273 2653 uera
1308 2590 1562 2653 ratione
1599 2591 1868 2668 probari

405 2717 676 2775 corpore
711 2698 907 2761 inane
940 2719 1060 2761 suo
1091 2701 1301 2763 celare
1337 2694 1534 2777 atque
1569 2700 1753 2762 intus
1783 2701 2041 2777 habere,

405 2808 460 2869 si
492 2828 643 2884 non,
678 2809 854 2885 quod
887 2808 1161 2885 cohibet,
1196 2810 1476 2872 solidum
1510 2817 1808 2872 constare
1841 2810 2195 2888 relinquas.

403 2917 474 2978 id
506 2937 706 2995 porro
736 2918 903 2979 nihil
936 2939 1069 2982 esse
1102 2925 1317 2997 potest
1349 2919 1476 2981 nisi
1507 2920 1811 2982 materiai

405 3027 772 3103 concilium,
805 3028 980 3104 quod
1014 3028 1208 3089 inane
1239 3036 1437 3105 queat
1468 3049 1692 3090 rerum
1723 3028 2040 3091 cohibere.

319 3136 709 3199 —materies
745 3136 971 3214 igitur,
1007 3138 1214 3200 solido
1249 3158 1416 3215 quae
1450 3157 1722 3215 corpore
1758 3145 2033 3215 constat,

405 3265 538 3308 esse
571 3253 844 3309 aeterna
872 3254 1106 3324 potest,
1141 3268 1289 3310 cum
1323 3254 1539 3311 cetera
1574 3247 2046 3310 dissoluantur.

321 3358 548 3418 —tum
581 3376 782 3433 porro
811 3356 866 3418 si
897 3356 996 3417 nil
1028 3363 1192 3419 esset
1225 3358 1401 3434 quod
1434 3356 1631 3421 inane
1662 3365 1949 3435 uacaret,

406 3485 592 3527 omne
625 3465 800 3529 foret
832 3466 1149 3543 solidum;
1183 3466 1312 3528 nisi
1346 3472 1576 3531 contra
1611 3487 1887 3545 corpora
1921 3475 2101 3531 certa

406 3582 619 3637 essent
649 3596 816 3653 quae
847 3577 988 3638 loca
1019 3574 1419 3657 complerent
1452 3597 1899 3654 quaecumque
1928 3583 2249 3654 tenerent,

407 3704 592 3747 omne
625 3685 800 3762 quod
833 3691 928 3747 est
962 3684 1270 3763 spatium,
1305 3706 1591 3748 uacuum
1627 3693 1956 3749 constaret
1990 3686 2205 3749 inane.

320 3794 681 3857 —alternis
714 3794 923 3872 igitur
956 3793 1271 3856 nimirum
1306 3815 1544 3873 corpus
1578 3795 1765 3858 inani

404 3904 794 3966 distinctum
827 3904 1136 3982 quoniam
1172 3925 1290 3966 nec
1324 3906 1593 3981 plenum
1627 3906 1893 3968 nauiter
1927 3912 2108 3969 extat

403 4034 523 4077 nec
554 4034 751 4091 porro
781 4034 1087 4076 uacuum.
1159 4020 1315 4076 sunt
1347 4033 1504 4091 ergo
1531 4034 1811 4092 corpora
1839 4023 2020 4079 certa

1410 4128 1526 4180 [18]

2614 1161 2721 1222 500

2616 1709 2721 1760 505

2616 2259 2719 2309 510

2616 2808 2720 2858 515

2616 3356 2719 3407 520

2616 3904 2719 3953 525
