3182 4602
1137 463 1199 513 Τ.
1237 463 1477 513 LVGRE
1484 463 1562 513 TI
1600 463 1777 514 CARI

592 842 895 893 CONTRA
934 843 1449 895 DEMOCRITVM
1488 844 1588 894 DE
1628 843 1884 894 ANIMO
1924 844 2019 894 ΕΤ
2058 843 2319 893 ΑΝΙΜΑ

519 932 702 994 Illud
731 932 803 993 in
830 932 936 995 his
960 934 1155 996 rebus
1184 953 1602 1011 nequaquam
1631 953 1885 997 sumere
1917 933 2141 1011 possis,
2607 928 2709 978 3⁷0

394 1042 756 1105 Democriti
787 1043 961 1120 quod
995 1050 1224 1105 sancta
1254 1043 1389 1104 uiri
1419 1043 1748 1106 sententia
1782 1042 1990 1120 ponit,

394 1152 687 1230 corporis
722 1159 919 1230 atque
954 1152 1159 1215 animi
1194 1152 1578 1229 primordia,
1613 1152 1878 1230 singula
1912 1150 2127 1229 priuis

395 1261 717 1339 adposita,
751 1262 1026 1325 alternis
1055 1261 1340 1338 uariare,
1374 1282 1449 1325 ac
1477 1268 1738 1325 nectere
1767 1264 2078 1325 membra.

309 1392 546 1434 —nam
577 1392 725 1434 cum
755 1372 965 1434 multo
995 1379 1151 1434 sunt
1184 1372 1439 1434 animae
1471 1372 1792 1434 elementa
1822 1371 2080 1435 minora

393 1501 591 1559 quam
623 1482 862 1559 quibus
893 1504 927 1545 e
958 1501 1198 1559 corpus
1228 1481 1416 1544 nobis
1446 1488 1510 1545 et
1539 1480 1800 1544 uiscera
1828 1486 2153 1557 constant,
2606 1477 2711 1527 375

391 1596 536 1653 tum
564 1611 840 1653 numero
867 1611 1125 1669 quoque
1153 1592 1521 1654 concedunt
1551 1598 1616 1653 et
1646 1611 1803 1654 rara
1829 1610 1949 1669 per
1978 1597 2166 1654 artus

393 1700 626 1764 dissita
661 1708 835 1777 sunt,
873 1702 1220 1764 dumtaxat
1253 1709 1329 1765 ut
1360 1702 1481 1764 hoc
1515 1701 1903 1779 promittere
1936 1700 2164 1779 Possis,

393 1811 718 1888 quantula
750 1810 968 1888 prima
997 1817 1243 1887 queant
1272 1794 1460 1873 nobis
1490 1809 1735 1873 iniecta
1764 1810 1933 1874 ciere

487 1916 776 1968 CORPVS
818 1916 980 1967 NON
1020 1916 1350 1967 SENTIRE
1390 1917 1539 1967 PER
1580 1916 1671 1967 SE
1711 1916 1890 1967 SINE
1931 1916 2171 1966 ANIMI
2211 1915 2426 1966 MOTV

390 2025 671 2083 corpora
696 2005 1050 2068 sensiferos
1077 2012 1293 2068 motus
1323 2006 1393 2088 in
1423 2026 1715 2084 corpore,
1746 2012 1938 2069 tanta
2126 2084 2131 2089 ,

390 2114 752 2179 interualla
782 2123 1006 2179 tenere
1038 2116 1308 2179 exordia
1339 2115 1558 2194 prima
1585 2115 1853 2179 animai.
2606 2094 2709 2162 §80

390 2244 547 2287 ‘nam
580 2244 791 2304 neque
824 2225 1123 2305 pulueris
1156 2225 1493 2288 interdum
1526 2224 1847 2288 sentimus
1880 2226 2236 2288 adhaesum

390 2355 665 2414 corpore
693 2356 812 2399 nec
843 2335 1151 2399 membris
1184 2336 1512 2399 incussam
1541 2336 1757 2400 sidere
1788 2343 2054 2412 cretam,
2119 2373 2125 2379 -

391 2465 509 2507 nec
541 2447 849 2509 nebulam
880 2452 1083 2508 noctu
1113 2465 1324 2523 neque
1353 2445 1585 2512 aranei
1617 2445 1846 2508 tenuia
1878 2445 1989 2508 fila

391 2555 587 2618 obuia
621 2555 960 2631 sentimuS,
997 2556 1261 2633 quando
1295 2554 1660 2619 obretimur
1693 2562 1941 2631 eunteS,

391 2685 509 2728 nec
538 2685 782 2742 supera
813 2673 1016 2742 caput
1048 2665 1338 2728 eiusdem
1369 2665 1675 2728 cecidisse
1706 2665 1953 2728 uictam
2606 2663 2710 2713 385

391 2781 639 2837 uestem
671 2795 789 2838 nec
821 2775 1084 2852 plumas
1113 2774 1341 2838 auium
1371 2795 1757 2852 papposque
1789 2773 2079 2837 uolantis

391 2884 506 2962 qui
535 2884 744 2948 nimia
773 2884 1046 2948 leuitate
1077 2885 1326 2947 cadunt
1357 2885 1746 2962 plerumque
1779 2884 2131 2962 grauatim,

391 3014 509 3057 nec
539 2993 834 3072 repentis
862 2994 1029 3057 itum
1059 2994 1633 3071 cuiusuiscumque
1665 2993 2023 3056 animantis

392 3103 710 3166 sentimus
740 3124 859 3166 nec
893 3104 1090 3180 priua
1123 3104 1366 3181 pedum
1397 3103 1682 3180 uestigia
1714 3122 2030 3181 quaeque,

392 3233 664 3291 corpore
692 3233 860 3291 quae
890 3213 961 3274 in
990 3220 1218 3276 nostro
1245 3213 1486 3276 culices
1513 3218 1578 3276 et
1608 3220 1826 3276 cetera
1854 3220 2133 3290 ponunt.
2604 3210 2707 3260 390

311 3343 597 3401 —usque
629 3323 793 3386 adeo
822 3323 1011 3401 prius
1041 3330 1137 3385 est
1167 3322 1239 3384 in
1268 3322 1454 3385 nobis
1485 3323 1697 3385 multa
1727 3321 2051 3399 ciendum,

391 3453 587 3510 quam
622 3432 991 3510 primordia
1019 3433 1380 3495 sentiscant
1415 3452 1727 3495 concussa
1761 3431 2006 3495 animai

391 3543 638 3605 semina
670 3541 1055 3619 corporibus
1087 3542 1332 3604 nostris
1362 3541 1643 3604 inmixta
1673 3562 1793 3619 per
1826 3549 2032 3618 artua,
2080 3532 2089 3536 ⁵

393 3658 455 3714 et
483 3673 682 3730 quam
709 3652 825 3714 illa
851 3652 954 3713 his
972 3651 1356 3714 'interuallis
1384 3651 1755 3714 tuditantia
1783 3651 2035 3729 possint

390 3781 780 3825 concursare
816 3760 988 3825 coire
1026 3769 1092 3824 et
1128 3761 1480 3824 dissultare
1515 3761 1825 3824 uicissim.
2605 3758 2707 3807 395

518 4041 608 4105 Et
636 4041 848 4120 magis
877 4047 974 4103 est
1003 4041 1263 4104 animus
1292 4039 1462 4103 uitai
1492 4040 1783 4103 claustra
1812 4060 2111 4102 coercens

416 4177 516 4226 387
538 4179 670 4239 fort.
702 4177 980 4242 gradatim

420 4244 520 4294 394
539 4245 760 4310 quantis
1400 4246 1515 4297 [93]
