<?xml version="1.0" encoding="UTF-8"?>
<!DOCTYPE html PUBLIC "-//W3C//DTD XHTML 1.0 Transitional//EN"
    "http://www.w3.org/TR/xhtml1/DTD/xhtml1-transitional.dtd">
<html xmlns="http://www.w3.org/1999/xhtml" xml:lang="en" lang="en">
 <head>
  <title>
</title>
<meta http-equiv="Content-Type" content="text/html;charset=utf-8" />
  <meta name='ocr-system' content='tesseract 3.04.00' />
  <meta name='ocr-capabilities' content='ocr_page ocr_carea ocr_par ocr_line ocrx_word'/>
</head>
<body>
  <div class='ocr_page' id='page_1' title='image "./lvcretiderervmn00unkngoog_0044.png"; bbox 0 0 3182 4602; ppageno 0'>
   <div class='ocr_carea' id='block_1_1' title="bbox 1029 328 1855 379">
    <p class='ocr_par' dir='ltr' id='par_1_1' title="bbox 1029 328 1855 379">
     <span class='ocr_line' id='line_1_1' title="bbox 1029 328 1855 379; baseline 0.002 -2"><span class='ocrx_word' id='word_1_1' title='bbox 1029 328 1133 378; x_wconf 80' lang='lat' dir='ltr'><strong>DE</strong></span> <span class='ocrx_word' id='word_1_2' title='bbox 1169 328 1436 378; x_wconf 80' lang='lat' dir='ltr'><strong><em>RERVM</em></strong></span> <span class='ocrx_word' id='word_1_3' title='bbox 1470 328 1781 378; x_wconf 78' lang='lat' dir='ltr'><strong><em>NATVRA</em></strong></span> <span class='ocrx_word' id='word_1_4' title='bbox 1820 329 1855 379; x_wconf 94' lang='grc' dir='ltr'><em>Ι</em></span> 
     </span>
    </p>
   </div>
   <div class='ocr_carea' id='block_1_2' title="bbox 319 541 2191 840">
    <p class='ocr_par' dir='ltr' id='par_1_2' title="bbox 319 541 2191 840">
     <span class='ocr_line' id='line_1_2' title="bbox 405 541 1899 607; baseline 0 -2"><span class='ocrx_word' id='word_1_5' title='bbox 405 541 759 606; x_wconf 91' lang='lat' dir='ltr'><strong>confiteare</strong></span> <span class='ocrx_word' id='word_1_6' title='bbox 791 549 857 606; x_wconf 90' lang='lat' dir='ltr'><strong>et</strong></span> <span class='ocrx_word' id='word_1_7' title='bbox 887 561 958 604; x_wconf 89' lang='lat' dir='ltr'><strong>re</strong></span> <span class='ocrx_word' id='word_1_8' title='bbox 989 549 1054 606; x_wconf 92' lang='lat' dir='ltr'><strong>et</strong></span> <span class='ocrx_word' id='word_1_9' title='bbox 1083 543 1306 605; x_wconf 88' lang='lat' dir='ltr'><strong>sonitu</strong></span> <span class='ocrx_word' id='word_1_10' title='bbox 1337 542 1585 606; x_wconf 88' lang='lat' dir='ltr'><strong>distare</strong></span> <span class='ocrx_word' id='word_1_11' title='bbox 1618 543 1899 607; x_wconf 89' lang='lat' dir='ltr'><strong>sonanti.</strong></span> 
     </span>
     <span class='ocr_line' id='line_1_3' title="bbox 404 631 2191 730; baseline 0.001 -15"><span class='ocrx_word' id='word_1_12' title='bbox 404 657 672 715; x_wconf 91' lang='lat' dir='ltr'><strong>tantum</strong></span> <span class='ocrx_word' id='word_1_13' title='bbox 707 631 1028 715; x_wconf 88' lang='lat' dir='ltr'><strong>elementa</strong></span> <span class='ocrx_word' id='word_1_14' title='bbox 1064 659 1316 730; x_wconf 92' lang='lat' dir='ltr'><strong>queunt</strong></span> <span class='ocrx_word' id='word_1_15' title='bbox 1354 659 1735 730; x_wconf 88' lang='lat' dir='ltr'><strong>permutato</strong></span> <span class='ocrx_word' id='word_1_16' title='bbox 1771 652 2001 716; x_wconf 87' lang='lat' dir='ltr'>ordine</span> <span class='ocrx_word' id='word_1_17' title='bbox 2038 653 2191 716; x_wconf 90' lang='lat' dir='ltr'><strong>solo.</strong></span> 
     </span>
     <span class='ocr_line' id='line_1_4' title="bbox 319 761 2111 840; baseline 0.001 -16"><span class='ocrx_word' id='word_1_18' title='bbox 319 767 477 824; x_wconf 88' lang='lat' dir='ltr'><strong>—at</strong></span> <span class='ocrx_word' id='word_1_19' title='bbox 509 781 732 825; x_wconf 90' lang='lat' dir='ltr'><strong>rerum</strong></span> <span class='ocrx_word' id='word_1_20' title='bbox 764 781 932 839; x_wconf 89' lang='lat' dir='ltr'><strong>quae</strong></span> <span class='ocrx_word' id='word_1_21' title='bbox 960 769 1118 824; x_wconf 86' lang='lat' dir='ltr'><strong>sunt</strong></span> <span class='ocrx_word' id='word_1_22' title='bbox 1150 761 1536 840; x_wconf 91' lang='lat' dir='ltr'><strong>primordia,</strong></span> <span class='ocrx_word' id='word_1_23' title='bbox 1569 763 1771 840; x_wconf 92' lang='lat' dir='ltr'><strong>plura</strong></span> <span class='ocrx_word' id='word_1_24' title='bbox 1798 762 2111 826; x_wconf 89' lang='lat' dir='ltr'><strong>adhibere</strong></span> 
     </span>
    </p>
   </div>
   <div class='ocr_carea' id='block_1_3' title="bbox 406 871 2159 1028">
    <p class='ocr_par' dir='ltr' id='par_1_3' title="bbox 406 871 2159 1028">
     <span class='ocr_line' id='line_1_5' title="bbox 406 871 2159 951; baseline 0 -18"><span class='ocrx_word' id='word_1_25' title='bbox 406 879 684 950; x_wconf 84' lang='lat' dir='ltr'><strong>possunt</strong></span> <span class='ocrx_word' id='word_1_26' title='bbox 715 872 893 934; x_wconf 90' lang='lat' dir='ltr'><strong>unde</strong></span> <span class='ocrx_word' id='word_1_27' title='bbox 926 879 1173 951; x_wconf 82' lang='lat' dir='ltr'><strong>queant</strong></span> <span class='ocrx_word' id='word_1_28' title='bbox 1203 871 1430 935; x_wconf 90' lang='lat' dir='ltr'><strong>uariae</strong></span> <span class='ocrx_word' id='word_1_29' title='bbox 1464 890 1570 934; x_wconf 89' lang='lat' dir='ltr'><strong>res</strong></span> <span class='ocrx_word' id='word_1_30' title='bbox 1600 891 1895 949; x_wconf 90' lang='lat' dir='ltr'><strong>quaeque</strong></span> <span class='ocrx_word' id='word_1_31' title='bbox 1928 872 2159 935; x_wconf 89' lang='lat' dir='ltr'><strong>creari.</strong></span> 
     </span>
     <span class='ocr_line' id='line_1_6' title="bbox 1023 977 1922 1028; baseline 0 0"><span class='ocrx_word' id='word_1_32' title='bbox 1023 977 1327 1028; x_wconf 83' lang='lat' dir='ltr'>CONTRA</span> <span class='ocrx_word' id='word_1_33' title='bbox 1372 977 1922 1028; x_wconf 87' lang='lat' dir='ltr'>ANAXAGORAM</span> 
     </span>
    </p>
   </div>
   <div class='ocr_carea' id='block_1_4' title="bbox 322 1066 2267 3555">
    <p class='ocr_par' dir='ltr' id='par_1_4' title="bbox 363 1066 2267 1365">
     <span class='ocr_line' id='line_1_7' title="bbox 533 1066 2267 1144; baseline 0.001 -16"><span class='ocrx_word' id='word_1_34' title='bbox 533 1066 726 1129; x_wconf 92' lang='lat' dir='ltr'><strong>Nunc</strong></span> <span class='ocrx_word' id='word_1_35' title='bbox 762 1073 827 1130; x_wconf 89' lang='lat' dir='ltr'><strong>et</strong></span> <span class='ocrx_word' id='word_1_36' title='bbox 862 1067 1301 1144; x_wconf 83' lang='lat' dir='ltr'><strong>Anaxagorae</strong></span> <span class='ocrx_word' id='word_1_37' title='bbox 1336 1073 1711 1130; x_wconf 81' lang='lat' dir='ltr'><strong>scrutemur</strong></span> <span class='ocrx_word' id='word_1_38' title='bbox 1745 1067 2267 1130; x_wconf 89' lang='lat' dir='ltr'><strong>homoeomerian</strong></span> 
     </span>
     <span class='ocr_line' id='line_1_8' title="bbox 408 1175 2123 1256; baseline 0.002 -18"><span class='ocrx_word' id='word_1_39' title='bbox 408 1195 605 1252; x_wconf 88' lang='lat' dir='ltr'><strong>quam</strong></span> <span class='ocrx_word' id='word_1_40' title='bbox 640 1175 802 1240; x_wconf 84' lang='lat' dir='ltr'><strong>Grai</strong></span> <span class='ocrx_word' id='word_1_41' title='bbox 832 1183 1199 1240; x_wconf 89' lang='lat' dir='ltr'><strong>memorant</strong></span> <span class='ocrx_word' id='word_1_42' title='bbox 1230 1197 1349 1240; x_wconf 90' lang='lat' dir='ltr'><strong>nec</strong></span> <span class='ocrx_word' id='word_1_43' title='bbox 1380 1183 1611 1240; x_wconf 89' lang='lat' dir='ltr'><strong>nostra</strong></span> <span class='ocrx_word' id='word_1_44' title='bbox 1641 1176 1858 1242; x_wconf 83' lang='lat' dir='ltr'><strong>dicere</strong></span> <span class='ocrx_word' id='word_1_45' title='bbox 1889 1177 2123 1256; x_wconf 86' lang='lat' dir='ltr'><strong>lingua</strong></span> 
     </span>
     <span class='ocr_line' id='line_1_9' title="bbox 363 1285 1828 1365; baseline 0.001 -18"><span class='ocrx_word' id='word_1_46' title='bbox 363 1319 370 1326; x_wconf 95' lang='lat'><em>·</em></span> <span class='ocrx_word' id='word_1_47' title='bbox 408 1285 705 1348; x_wconf 90' lang='lat' dir='ltr'><strong>concedit</strong></span> <span class='ocrx_word' id='word_1_48' title='bbox 739 1285 928 1348; x_wconf 92' lang='lat' dir='ltr'><strong>nobis</strong></span> <span class='ocrx_word' id='word_1_49' title='bbox 962 1286 1171 1365; x_wconf 90' lang='lat' dir='ltr'><strong>patrii</strong></span> <span class='ocrx_word' id='word_1_50' title='bbox 1205 1286 1522 1349; x_wconf 88' lang='lat' dir='ltr'><strong>sermonis</strong></span> <span class='ocrx_word' id='word_1_51' title='bbox 1557 1293 1828 1365; x_wconf 76' lang='lat' dir='ltr'><strong>egestaS,</strong></span> 
     </span>
    </p>

    <p class='ocr_par' dir='ltr' id='par_1_5' title="bbox 322 1395 2123 1584">
     <span class='ocr_line' id='line_1_10' title="bbox 407 1395 2123 1474; baseline 0.001 -18"><span class='ocrx_word' id='word_1_52' title='bbox 407 1395 520 1458; x_wconf 90' lang='lat' dir='ltr'><strong>sed</strong></span> <span class='ocrx_word' id='word_1_53' title='bbox 555 1400 778 1458; x_wconf 88' lang='lat' dir='ltr'><strong>tamen</strong></span> <span class='ocrx_word' id='word_1_54' title='bbox 811 1395 1023 1474; x_wconf 84' lang='lat' dir='ltr'><strong>ipsam</strong></span> <span class='ocrx_word' id='word_1_55' title='bbox 1058 1416 1195 1459; x_wconf 92' lang='lat' dir='ltr'><strong>rem</strong></span> <span class='ocrx_word' id='word_1_56' title='bbox 1231 1395 1491 1459; x_wconf 79' lang='lat' dir='ltr'><strong>facilest</strong></span> <span class='ocrx_word' id='word_1_57' title='bbox 1525 1416 1850 1473; x_wconf 89' lang='lat' dir='ltr'><strong>exponere</strong></span> <span class='ocrx_word' id='word_1_58' title='bbox 1882 1396 2123 1460; x_wconf 68' lang='lat' dir='ltr'><strong>uerbis</strong></span> 
     </span>
     <span class='ocr_line' id='line_1_11' title="bbox 322 1504 2021 1584; baseline 0.002 -19"><span class='ocrx_word' id='word_1_59' title='bbox 322 1504 759 1582; x_wconf 86' lang='lat' dir='ltr'><strong>—principio,</strong></span> <span class='ocrx_word' id='word_1_60' title='bbox 793 1525 1018 1568; x_wconf 91' lang='lat' dir='ltr'><strong>rerum</strong></span> <span class='ocrx_word' id='word_1_61' title='bbox 1050 1526 1248 1583; x_wconf 90' lang='lat' dir='ltr'><strong>quam</strong></span> <span class='ocrx_word' id='word_1_62' title='bbox 1281 1505 1444 1568; x_wconf 91' lang='lat' dir='ltr'><strong>dicit</strong></span> <span class='ocrx_word' id='word_1_63' title='bbox 1476 1505 2021 1584; x_wconf 88' lang='lat' dir='ltr'><strong>homoeomerian,</strong></span> 
     </span>
    </p>

    <p class='ocr_par' dir='ltr' id='par_1_6' title="bbox 405 1613 1841 1693">
     <span class='ocr_line' id='line_1_12' title="bbox 405 1613 1841 1693; baseline 0.001 -16"><span class='ocrx_word' id='word_1_64' title='bbox 405 1634 548 1678; x_wconf 89' lang='lat' dir='ltr'><strong>ossa</strong></span> <span class='ocrx_word' id='word_1_65' title='bbox 581 1613 891 1678; x_wconf 89' lang='lat' dir='ltr'><strong>uidelicet</strong></span> <span class='ocrx_word' id='word_1_66' title='bbox 923 1634 957 1676; x_wconf 93' lang='lat' dir='ltr'><strong>e</strong></span> <span class='ocrx_word' id='word_1_67' title='bbox 989 1614 1304 1693; x_wconf 80' lang='lat' dir='ltr'><strong>pauxillis</strong></span> <span class='ocrx_word' id='word_1_68' title='bbox 1335 1622 1534 1693; x_wconf 88' lang='lat' dir='ltr'><strong>atque</strong></span> <span class='ocrx_word' id='word_1_69' title='bbox 1565 1614 1841 1678; x_wconf 90' lang='lat' dir='ltr'><strong>minutis</strong></span> 
     </span>
    </p>

    <p class='ocr_par' dir='ltr' id='par_1_7' title="bbox 407 1723 1896 1803">
     <span class='ocr_line' id='line_1_13' title="bbox 407 1723 1896 1803; baseline 0.001 -17"><span class='ocrx_word' id='word_1_70' title='bbox 407 1723 658 1786; x_wconf 88' lang='lat' dir='ltr'><strong>ossibus</strong></span> <span class='ocrx_word' id='word_1_71' title='bbox 690 1724 797 1786; x_wconf 90' lang='lat' dir='ltr'><strong>hic</strong></span> <span class='ocrx_word' id='word_1_72' title='bbox 829 1730 893 1787; x_wconf 89' lang='lat' dir='ltr'><strong>et</strong></span> <span class='ocrx_word' id='word_1_73' title='bbox 924 1723 1007 1788; x_wconf 91' lang='lat' dir='ltr'><strong>de</strong></span> <span class='ocrx_word' id='word_1_74' title='bbox 1041 1724 1357 1803; x_wconf 87' lang='lat' dir='ltr'><strong>pauxillis</strong></span> <span class='ocrx_word' id='word_1_75' title='bbox 1388 1732 1586 1802; x_wconf 91' lang='lat' dir='ltr'><strong>atque</strong></span> <span class='ocrx_word' id='word_1_76' title='bbox 1620 1725 1896 1788; x_wconf 88' lang='lat' dir='ltr'><strong>minutis</strong></span> 
     </span>
    </p>

    <p class='ocr_par' dir='ltr' id='par_1_8' title="bbox 406 1832 1941 1912">
     <span class='ocr_line' id='line_1_14' title="bbox 406 1832 1941 1912; baseline 0 -16"><span class='ocrx_word' id='word_1_77' title='bbox 406 1832 771 1896; x_wconf 89' lang='lat' dir='ltr'><strong>uisceribus</strong></span> <span class='ocrx_word' id='word_1_78' title='bbox 801 1833 1025 1896; x_wconf 85' lang='lat' dir='ltr'><strong>uiscus</strong></span> <span class='ocrx_word' id='word_1_79' title='bbox 1055 1833 1240 1912; x_wconf 86' lang='lat' dir='ltr'><strong>gigni</strong></span> <span class='ocrx_word' id='word_1_80' title='bbox 1271 1854 1696 1912; x_wconf 85' lang='lat' dir='ltr'><strong>sanguenque</strong></span> <span class='ocrx_word' id='word_1_81' title='bbox 1729 1834 1941 1899; x_wconf 90' lang='lat' dir='ltr'><strong>creari</strong></span> 
     </span>
    </p>

    <p class='ocr_par' dir='ltr' id='par_1_9' title="bbox 403 1942 1981 2022">
     <span class='ocr_line' id='line_1_15' title="bbox 403 1942 1981 2022; baseline 0.001 -18"><span class='ocrx_word' id='word_1_82' title='bbox 403 1942 750 2021; x_wconf 88' lang='lat' dir='ltr'><strong>sanguinis</strong></span> <span class='ocrx_word' id='word_1_83' title='bbox 782 1943 959 2006; x_wconf 92' lang='lat' dir='ltr'><strong>inter</strong></span> <span class='ocrx_word' id='word_1_84' title='bbox 991 1963 1058 2006; x_wconf 90' lang='lat' dir='ltr'><strong>se</strong></span> <span class='ocrx_word' id='word_1_85' title='bbox 1089 1943 1321 2006; x_wconf 92' lang='lat' dir='ltr'><strong>multis</strong></span> <span class='ocrx_word' id='word_1_86' title='bbox 1352 1943 1735 2016; x_wconf 85' lang='lat' dir='ltr'><strong>coeuntibu&#39;</strong></span> <span class='ocrx_word' id='word_1_87' title='bbox 1770 1943 1981 2022; x_wconf 88' lang='lat' dir='ltr'><strong>guttis</strong></span> 
     </span>
    </p>

    <p class='ocr_par' dir='ltr' id='par_1_10' title="bbox 405 2052 1853 2132">
     <span class='ocr_line' id='line_1_16' title="bbox 405 2052 1853 2132; baseline 0.003 -18"><span class='ocrx_word' id='word_1_88' title='bbox 405 2073 486 2114; x_wconf 91' lang='lat' dir='ltr'><strong>ex</strong></span> <span class='ocrx_word' id='word_1_89' title='bbox 519 2052 798 2130; x_wconf 89' lang='lat' dir='ltr'><strong>aurique</strong></span> <span class='ocrx_word' id='word_1_90' title='bbox 831 2059 1028 2130; x_wconf 88' lang='lat' dir='ltr'><strong>putat</strong></span> <span class='ocrx_word' id='word_1_91' title='bbox 1060 2053 1248 2116; x_wconf 88' lang='lat' dir='ltr'><strong>micis</strong></span> <span class='ocrx_word' id='word_1_92' title='bbox 1280 2053 1633 2117; x_wconf 87' lang='lat' dir='ltr'><strong>consistere</strong></span> <span class='ocrx_word' id='word_1_93' title='bbox 1667 2073 1853 2132; x_wconf 87' lang='lat' dir='ltr'><strong>posse</strong></span> 
     </span>
    </p>

    <p class='ocr_par' dir='ltr' id='par_1_11' title="bbox 405 2162 2080 2242">
     <span class='ocr_line' id='line_1_17' title="bbox 405 2162 2080 2242; baseline 0.001 -18"><span class='ocrx_word' id='word_1_94' title='bbox 405 2181 646 2224; x_wconf 88' lang='lat' dir='ltr'><strong>aurum</strong></span> <span class='ocrx_word' id='word_1_95' title='bbox 677 2169 741 2224; x_wconf 91' lang='lat' dir='ltr'><strong>et</strong></span> <span class='ocrx_word' id='word_1_96' title='bbox 771 2163 853 2224; x_wconf 94' lang='lat' dir='ltr'><strong>de</strong></span> <span class='ocrx_word' id='word_1_97' title='bbox 881 2162 1083 2224; x_wconf 89' lang='lat' dir='ltr'><strong>terris</strong></span> <span class='ocrx_word' id='word_1_98' title='bbox 1109 2168 1358 2225; x_wconf 89' lang='lat' dir='ltr'><strong>terram</strong></span> <span class='ocrx_word' id='word_1_99' title='bbox 1389 2182 1799 2226; x_wconf 88' lang='lat' dir='ltr'><strong>concrescere</strong></span> <span class='ocrx_word' id='word_1_100' title='bbox 1830 2162 2080 2242; x_wconf 75' lang='lat' dir='ltr'><strong>paruiS‚</strong></span> 
     </span>
    </p>

    <p class='ocr_par' dir='ltr' id='par_1_12' title="bbox 406 2270 1893 2351">
     <span class='ocr_line' id='line_1_18' title="bbox 406 2270 1893 2351; baseline 0.002 -17"><span class='ocrx_word' id='word_1_101' title='bbox 406 2270 671 2350; x_wconf 88' lang='lat' dir='ltr'><strong>ignibus</strong></span> <span class='ocrx_word' id='word_1_102' title='bbox 705 2292 785 2335; x_wconf 90' lang='lat' dir='ltr'><strong>ex</strong></span> <span class='ocrx_word' id='word_1_103' title='bbox 817 2271 1009 2350; x_wconf 90' lang='lat' dir='ltr'><strong>ignis,</strong></span> <span class='ocrx_word' id='word_1_104' title='bbox 1043 2292 1335 2337; x_wconf 89' lang='lat' dir='ltr'><strong>umorem</strong></span> <span class='ocrx_word' id='word_1_105' title='bbox 1366 2272 1707 2337; x_wconf 90' lang='lat' dir='ltr'><strong>umoribus</strong></span> <span class='ocrx_word' id='word_1_106' title='bbox 1740 2293 1893 2351; x_wconf 88' lang='lat' dir='ltr'><strong>esse,</strong></span> 
     </span>
    </p>

    <p class='ocr_par' dir='ltr' id='par_1_13' title="bbox 405 2382 1872 2461">
     <span class='ocr_line' id='line_1_19' title="bbox 405 2382 1872 2461; baseline 0.001 -17"><span class='ocrx_word' id='word_1_107' title='bbox 405 2389 623 2445; x_wconf 88' lang='lat' dir='ltr'><strong>cetera</strong></span> <span class='ocrx_word' id='word_1_108' title='bbox 654 2382 977 2445; x_wconf 89' lang='lat' dir='ltr'><strong>consimili</strong></span> <span class='ocrx_word' id='word_1_109' title='bbox 1010 2382 1203 2460; x_wconf 89' lang='lat' dir='ltr'><strong>fingit</strong></span> <span class='ocrx_word' id='word_1_110' title='bbox 1237 2382 1493 2446; x_wconf 90' lang='lat' dir='ltr'><strong>ratione</strong></span> <span class='ocrx_word' id='word_1_111' title='bbox 1526 2389 1872 2461; x_wconf 89' lang='lat' dir='ltr'><strong>putatque.</strong></span> 
     </span>
    </p>

    <p class='ocr_par' dir='ltr' id='par_1_14' title="bbox 405 2491 2075 2571">
     <span class='ocr_line' id='line_1_20' title="bbox 405 2491 2075 2571; baseline 0.003 -19"><span class='ocrx_word' id='word_1_112' title='bbox 405 2510 524 2554; x_wconf 71' lang='lat' dir='ltr'><strong>‘nec</strong></span> <span class='ocrx_word' id='word_1_113' title='bbox 552 2498 775 2554; x_wconf 91' lang='lat' dir='ltr'><strong>tamen</strong></span> <span class='ocrx_word' id='word_1_114' title='bbox 801 2512 937 2556; x_wconf 90' lang='lat' dir='ltr'><strong>esse</strong></span> <span class='ocrx_word' id='word_1_115' title='bbox 963 2492 1104 2555; x_wconf 89' lang='lat' dir='ltr'><strong>ulla</strong></span> <span class='ocrx_word' id='word_1_116' title='bbox 1130 2499 1322 2571; x_wconf 91' lang='lat' dir='ltr'><strong>parte</strong></span> <span class='ocrx_word' id='word_1_117' title='bbox 1351 2491 1524 2555; x_wconf 88' lang='lat' dir='ltr'><strong>idem</strong></span> <span class='ocrx_word' id='word_1_118' title='bbox 1553 2492 1625 2553; x_wconf 92' lang='lat' dir='ltr'><strong>in</strong></span> <span class='ocrx_word' id='word_1_119' title='bbox 1655 2494 1850 2555; x_wconf 89' lang='lat' dir='ltr'><strong>rebus</strong></span> <span class='ocrx_word' id='word_1_120' title='bbox 1878 2492 2075 2557; x_wconf 91' lang='lat' dir='ltr'><strong>inane</strong></span> 
     </span>
    </p>

    <p class='ocr_par' dir='ltr' id='par_1_15' title="bbox 323 2601 2128 2790">
     <span class='ocr_line' id='line_1_21' title="bbox 406 2601 2128 2679; baseline 0.001 -16"><span class='ocrx_word' id='word_1_121' title='bbox 406 2601 703 2664; x_wconf 88' lang='lat' dir='ltr'><strong>concedit</strong></span> <span class='ocrx_word' id='word_1_122' title='bbox 738 2621 949 2679; x_wconf 89' lang='lat' dir='ltr'><strong>neque</strong></span> <span class='ocrx_word' id='word_1_123' title='bbox 986 2601 1374 2679; x_wconf 86' lang='lat' dir='ltr'><strong>corporibus</strong></span> <span class='ocrx_word' id='word_1_124' title='bbox 1406 2601 1607 2665; x_wconf 88' lang='lat' dir='ltr'><strong>finem</strong></span> <span class='ocrx_word' id='word_1_125' title='bbox 1640 2622 1774 2665; x_wconf 88' lang='lat' dir='ltr'><strong>esse</strong></span> <span class='ocrx_word' id='word_1_126' title='bbox 1811 2602 2128 2665; x_wconf 88' lang='lat' dir='ltr'><strong>secandis.</strong></span> 
     </span>
     <span class='ocr_line' id='line_1_22' title="bbox 323 2706 2118 2790; baseline 0 -17"><span class='ocrx_word' id='word_1_127' title='bbox 323 2706 610 2787; x_wconf 81' lang='lat' dir='ltr'><strong>—quare</strong></span> <span class='ocrx_word' id='word_1_128' title='bbox 645 2710 717 2772; x_wconf 92' lang='lat' dir='ltr'><strong>in</strong></span> <span class='ocrx_word' id='word_1_129' title='bbox 751 2717 1035 2788; x_wconf 90' lang='lat' dir='ltr'><strong>utraque</strong></span> <span class='ocrx_word' id='word_1_130' title='bbox 1068 2711 1232 2773; x_wconf 91' lang='lat' dir='ltr'><strong>mihi</strong></span> <span class='ocrx_word' id='word_1_131' title='bbox 1264 2710 1520 2790; x_wconf 90' lang='lat' dir='ltr'><strong>pariter</strong></span> <span class='ocrx_word' id='word_1_132' title='bbox 1553 2710 1812 2775; x_wconf 91' lang='lat' dir='ltr'><strong>ratione</strong></span> <span class='ocrx_word' id='word_1_133' title='bbox 1846 2710 2118 2775; x_wconf 93' lang='lat' dir='ltr'><strong>uidetur</strong></span> 
     </span>
    </p>

    <p class='ocr_par' dir='ltr' id='par_1_16' title="bbox 324 2819 2007 3008">
     <span class='ocr_line' id='line_1_23' title="bbox 407 2819 1977 2898; baseline 0.002 -18"><span class='ocrx_word' id='word_1_134' title='bbox 407 2838 628 2883; x_wconf 90' lang='lat' dir='ltr'><strong>errare</strong></span> <span class='ocrx_word' id='word_1_135' title='bbox 661 2826 861 2897; x_wconf 88' lang='lat' dir='ltr'><strong>atque</strong></span> <span class='ocrx_word' id='word_1_136' title='bbox 894 2819 1013 2896; x_wconf 88' lang='lat' dir='ltr'><strong>illi,</strong></span> <span class='ocrx_word' id='word_1_137' title='bbox 1049 2840 1257 2898; x_wconf 89' lang='lat' dir='ltr'><strong>supra</strong></span> <span class='ocrx_word' id='word_1_138' title='bbox 1287 2840 1451 2898; x_wconf 90' lang='lat' dir='ltr'><strong>quos</strong></span> <span class='ocrx_word' id='word_1_139' title='bbox 1480 2820 1771 2883; x_wconf 88' lang='lat' dir='ltr'><strong>diximus</strong></span> <span class='ocrx_word' id='word_1_140' title='bbox 1805 2827 1977 2884; x_wconf 88' lang='lat' dir='ltr'><strong>ante.</strong></span> 
     </span>
     <span class='ocr_line' id='line_1_24' title="bbox 324 2928 2007 3008; baseline 0.002 -17"><span class='ocrx_word' id='word_1_141' title='bbox 324 2929 576 2993; x_wconf 87' lang='lat' dir='ltr'><strong>—adde</strong></span> <span class='ocrx_word' id='word_1_142' title='bbox 608 2930 785 3008; x_wconf 90' lang='lat' dir='ltr'><strong>quod</strong></span> <span class='ocrx_word' id='word_1_143' title='bbox 815 2928 1124 2994; x_wconf 89' lang='lat' dir='ltr'><strong>inbecilla</strong></span> <span class='ocrx_word' id='word_1_144' title='bbox 1152 2928 1351 2992; x_wconf 88' lang='lat' dir='ltr'><strong>nimis</strong></span> <span class='ocrx_word' id='word_1_145' title='bbox 1381 2929 1750 3008; x_wconf 88' lang='lat' dir='ltr'><strong>primordia</strong></span> <span class='ocrx_word' id='word_1_146' title='bbox 1778 2929 2007 3008; x_wconf 84' lang='lat' dir='ltr'><strong>fingit3</strong></span> 
     </span>
    </p>

    <p class='ocr_par' dir='ltr' id='par_1_17' title="bbox 405 3038 2198 3119">
     <span class='ocr_line' id='line_1_25' title="bbox 405 3038 2198 3119; baseline 0.001 -18"><span class='ocrx_word' id='word_1_147' title='bbox 405 3038 461 3101; x_wconf 92' lang='lat' dir='ltr'><strong>si</strong></span> <span class='ocrx_word' id='word_1_148' title='bbox 496 3038 864 3116; x_wconf 89' lang='lat' dir='ltr'><strong>primordia</strong></span> <span class='ocrx_word' id='word_1_149' title='bbox 897 3046 1074 3116; x_wconf 90' lang='lat' dir='ltr'><strong>sunt,</strong></span> <span class='ocrx_word' id='word_1_150' title='bbox 1111 3038 1311 3101; x_wconf 87' lang='lat' dir='ltr'><strong>simili</strong></span> <span class='ocrx_word' id='word_1_151' title='bbox 1346 3059 1513 3118; x_wconf 89' lang='lat' dir='ltr'><strong>quae</strong></span> <span class='ocrx_word' id='word_1_152' title='bbox 1550 3038 1859 3119; x_wconf 88' lang='lat' dir='ltr'><strong>praedita</strong></span> <span class='ocrx_word' id='word_1_153' title='bbox 1893 3046 2198 3103; x_wconf 89' lang='lat' dir='ltr'><strong>constant</strong></span> 
     </span>
    </p>

    <p class='ocr_par' dir='ltr' id='par_1_18' title="bbox 407 3148 2126 3228">
     <span class='ocr_line' id='line_1_26' title="bbox 407 3148 2126 3228; baseline 0.002 -18"><span class='ocrx_word' id='word_1_154' title='bbox 407 3155 650 3211; x_wconf 90' lang='lat' dir='ltr'><strong>natura</strong></span> <span class='ocrx_word' id='word_1_155' title='bbox 681 3154 880 3228; x_wconf 89' lang='lat' dir='ltr'><strong>atque</strong></span> <span class='ocrx_word' id='word_1_156' title='bbox 912 3148 1094 3227; x_wconf 89' lang='lat' dir='ltr'><strong>ipsae</strong></span> <span class='ocrx_word' id='word_1_157' title='bbox 1126 3170 1230 3212; x_wconf 89' lang='lat' dir='ltr'><strong>res</strong></span> <span class='ocrx_word' id='word_1_158' title='bbox 1263 3156 1421 3212; x_wconf 88' lang='lat' dir='ltr'><strong>sunt</strong></span> <span class='ocrx_word' id='word_1_159' title='bbox 1454 3169 1786 3226; x_wconf 89' lang='lat' dir='ltr'><strong>aequeque</strong></span> <span class='ocrx_word' id='word_1_160' title='bbox 1819 3150 2126 3213; x_wconf 91' lang='lat' dir='ltr'><strong>laborant</strong></span> 
     </span>
    </p>

    <p class='ocr_par' dir='ltr' id='par_1_19' title="bbox 405 3257 2040 3336">
     <span class='ocr_line' id='line_1_27' title="bbox 405 3257 2040 3336; baseline 0.001 -17"><span class='ocrx_word' id='word_1_161' title='bbox 405 3262 470 3319; x_wconf 87' lang='lat' dir='ltr'><strong>et</strong></span> <span class='ocrx_word' id='word_1_162' title='bbox 504 3265 787 3336; x_wconf 90' lang='lat' dir='ltr'><strong>pereunt</strong></span> <span class='ocrx_word' id='word_1_163' title='bbox 819 3278 1030 3336; x_wconf 91' lang='lat' dir='ltr'><strong>neque</strong></span> <span class='ocrx_word' id='word_1_164' title='bbox 1064 3260 1146 3321; x_wconf 88' lang='lat' dir='ltr'><strong>ab</strong></span> <span class='ocrx_word' id='word_1_165' title='bbox 1180 3258 1383 3321; x_wconf 91' lang='lat' dir='ltr'><strong>exitio</strong></span> <span class='ocrx_word' id='word_1_166' title='bbox 1414 3278 1517 3320; x_wconf 90' lang='lat' dir='ltr'><strong>res</strong></span> <span class='ocrx_word' id='word_1_167' title='bbox 1550 3259 1690 3321; x_wconf 91' lang='lat' dir='ltr'><strong>ulla</strong></span> <span class='ocrx_word' id='word_1_168' title='bbox 1720 3257 2040 3321; x_wconf 63' lang='lat' dir='ltr'><strong>refrenat·</strong></span> 
     </span>
    </p>

    <p class='ocr_par' dir='ltr' id='par_1_20' title="bbox 403 3367 2062 3446">
     <span class='ocr_line' id='line_1_28' title="bbox 403 3367 2062 3446; baseline 0.001 -17"><span class='ocrx_word' id='word_1_169' title='bbox 403 3387 558 3431; x_wconf 73' lang='lat' dir='ltr'><strong>‘nam</strong></span> <span class='ocrx_word' id='word_1_170' title='bbox 593 3367 757 3445; x_wconf 92' lang='lat' dir='ltr'><strong>quid</strong></span> <span class='ocrx_word' id='word_1_171' title='bbox 791 3367 863 3428; x_wconf 92' lang='lat' dir='ltr'><strong>in</strong></span> <span class='ocrx_word' id='word_1_172' title='bbox 897 3385 1216 3446; x_wconf 88' lang='lat' dir='ltr'><strong>oppressu</strong></span> <span class='ocrx_word' id='word_1_173' title='bbox 1249 3367 1478 3430; x_wconf 91' lang='lat' dir='ltr'><strong>ualido</strong></span> <span class='ocrx_word' id='word_1_174' title='bbox 1511 3367 1783 3430; x_wconf 90' lang='lat' dir='ltr'><strong>durabit</strong></span> <span class='ocrx_word' id='word_1_175' title='bbox 1818 3387 2062 3445; x_wconf 88' lang='lat' dir='ltr'><strong>eorum,</strong></span> 
     </span>
    </p>

    <p class='ocr_par' dir='ltr' id='par_1_21' title="bbox 404 3476 1998 3555">
     <span class='ocr_line' id='line_1_29' title="bbox 404 3476 1998 3555; baseline 0 -16"><span class='ocrx_word' id='word_1_176' title='bbox 404 3484 479 3539; x_wconf 93' lang='lat' dir='ltr'><strong>ut</strong></span> <span class='ocrx_word' id='word_1_177' title='bbox 511 3484 790 3540; x_wconf 94' lang='lat' dir='ltr'><strong>mortem</strong></span> <span class='ocrx_word' id='word_1_178' title='bbox 819 3477 1115 3555; x_wconf 88' lang='lat' dir='ltr'><strong>effugiat,</strong></span> <span class='ocrx_word' id='word_1_179' title='bbox 1149 3476 1267 3539; x_wconf 91' lang='lat' dir='ltr'><strong>leti</strong></span> <span class='ocrx_word' id='word_1_180' title='bbox 1295 3478 1418 3539; x_wconf 86' lang='lat' dir='ltr'><strong>sub</strong></span> <span class='ocrx_word' id='word_1_181' title='bbox 1449 3476 1762 3540; x_wconf 88' lang='lat' dir='ltr'><strong>dentibus</strong></span> <span class='ocrx_word' id='word_1_182' title='bbox 1793 3476 1998 3555; x_wconf 70' lang='lat' dir='ltr'><strong>ipsis?</strong></span> 
     </span>
    </p>
   </div>
   <div class='ocr_carea' id='block_1_5' title="bbox 403 3585 2605 3664">
    <p class='ocr_par' dir='ltr' id='par_1_22' title="bbox 403 3585 2605 3664">
     <span class='ocr_line' id='line_1_30' title="bbox 403 3585 2605 3664; baseline 0.003 -17"><span class='ocrx_word' id='word_1_183' title='bbox 403 3585 577 3663; x_wconf 89' lang='lat' dir='ltr'><strong>ignis</strong></span> <span class='ocrx_word' id='word_1_184' title='bbox 611 3607 697 3649; x_wconf 91' lang='lat' dir='ltr'><strong>an</strong></span> <span class='ocrx_word' id='word_1_185' title='bbox 729 3606 918 3649; x_wconf 91' lang='lat' dir='ltr'><strong>umor</strong></span> <span class='ocrx_word' id='word_1_186' title='bbox 954 3607 1040 3649; x_wconf 91' lang='lat' dir='ltr'><strong>an</strong></span> <span class='ocrx_word' id='word_1_187' title='bbox 1074 3590 1280 3649; x_wconf 68' lang='lat' dir='ltr'><strong>aura?</strong></span> <span class='ocrx_word' id='word_1_188' title='bbox 1316 3586 1478 3663; x_wconf 92' lang='lat' dir='ltr'><strong>quid</strong></span> <span class='ocrx_word' id='word_1_189' title='bbox 1512 3587 1789 3648; x_wconf 69' lang='lat' dir='ltr'><strong>horum?</strong></span> <span class='ocrx_word' id='word_1_190' title='bbox 1826 3586 2096 3664; x_wconf 88' lang='lat' dir='ltr'><strong>sanguis</strong></span> <span class='ocrx_word' id='word_1_191' title='bbox 2132 3607 2218 3650; x_wconf 91' lang='lat' dir='ltr'><strong>an</strong></span> <span class='ocrx_word' id='word_1_192' title='bbox 2253 3593 2605 3661; x_wconf 71' lang='lat' dir='ltr'><strong>os&lt;sa&gt;?</strong></span> 
     </span>
    </p>
   </div>
   <div class='ocr_carea' id='block_1_6' title="bbox 405 3693 2151 3773">
    <p class='ocr_par' dir='ltr' id='par_1_23' title="bbox 405 3693 2151 3773">
     <span class='ocr_line' id='line_1_31' title="bbox 405 3693 2151 3773; baseline 0.001 -18"><span class='ocrx_word' id='word_1_193' title='bbox 405 3694 519 3771; x_wconf 90' lang='lat' dir='ltr'><strong>nil,</strong></span> <span class='ocrx_word' id='word_1_194' title='bbox 553 3702 631 3758; x_wconf 91' lang='lat' dir='ltr'><strong>ut</strong></span> <span class='ocrx_word' id='word_1_195' title='bbox 665 3698 920 3773; x_wconf 90' lang='lat' dir='ltr'><strong>opinor,</strong></span> <span class='ocrx_word' id='word_1_196' title='bbox 953 3694 1068 3757; x_wconf 88' lang='lat' dir='ltr'><strong>ubi</strong></span> <span class='ocrx_word' id='word_1_197' title='bbox 1102 3716 1182 3757; x_wconf 93' lang='lat' dir='ltr'><strong>ex</strong></span> <span class='ocrx_word' id='word_1_198' title='bbox 1217 3715 1422 3772; x_wconf 92' lang='lat' dir='ltr'><strong>aequo</strong></span> <span class='ocrx_word' id='word_1_199' title='bbox 1457 3714 1560 3756; x_wconf 88' lang='lat' dir='ltr'><strong>res</strong></span> <span class='ocrx_word' id='word_1_200' title='bbox 1596 3693 1909 3757; x_wconf 82' lang='lat' dir='ltr'><strong>funditus</strong></span> <span class='ocrx_word' id='word_1_201' title='bbox 1941 3694 2151 3757; x_wconf 88' lang='lat' dir='ltr'><strong>omnis</strong></span> 
     </span>
    </p>
   </div>
   <div class='ocr_carea' id='block_1_7' title="bbox 427 3842 980 4045">
    <p class='ocr_par' dir='ltr' id='par_1_24' title="bbox 427 3842 980 4045">
     <span class='ocr_line' id='line_1_32' title="bbox 428 3842 930 3909; baseline 0 -17"><span class='ocrx_word' id='word_1_202' title='bbox 428 3842 527 3893; x_wconf 85' lang='lat'><strong>837</strong></span> <span class='ocrx_word' id='word_1_203' title='bbox 548 3856 930 3909; x_wconf 83' lang='lat' dir='ltr'><strong>sanguemque</strong></span> 
     </span>
     <span class='ocr_line' id='line_1_33' title="bbox 429 3910 961 3972; baseline -0.002 -12"><span class='ocrx_word' id='word_1_204' title='bbox 429 3910 527 3961; x_wconf 85' lang='lat'><strong>843</strong></span> <span class='ocrx_word' id='word_1_205' title='bbox 548 3912 694 3972; x_wconf 74' lang='lat' dir='ltr'><strong>vuly.</strong></span> <span class='ocrx_word' id='word_1_206' title='bbox 721 3911 868 3961; x_wconf 86' lang='lat' dir='ltr'><strong>idem</strong></span> <span class='ocrx_word' id='word_1_207' title='bbox 896 3926 961 3961; x_wconf 91' lang='lat' dir='ltr'><strong>ex</strong></span> 
     </span>
     <span class='ocr_line' id='line_1_34' title="bbox 427 3979 980 4045; baseline 0 -16"><span class='ocrx_word' id='word_1_208' title='bbox 427 3979 526 4030; x_wconf 90' lang='grc'><strong>853</strong></span> <span class='ocrx_word' id='word_1_209' title='bbox 545 3980 692 4041; x_wconf 75' lang='lat' dir='ltr'><strong>vuly.</strong></span> <span class='ocrx_word' id='word_1_210' title='bbox 726 3992 980 4045; x_wconf 85' lang='lat' dir='ltr'><strong>sanguen</strong></span> 
     </span>
    </p>
   </div>
   <div class='ocr_carea' id='block_1_8' title="bbox 1410 4122 1524 4174">
    <p class='ocr_par' dir='ltr' id='par_1_25' title="bbox 1410 4122 1524 4174">
     <span class='ocr_line' id='line_1_35' title="bbox 1410 4122 1524 4174; baseline 0 0"><span class='ocrx_word' id='word_1_211' title='bbox 1410 4122 1524 4174; x_wconf 82' lang='grc'><strong>[29]</strong></span> 
     </span>
    </p>
   </div>
   <div class='ocr_carea' id='block_1_9' title="bbox 2622 1065 2722 1116">
    <p class='ocr_par' dir='ltr' id='par_1_26' title="bbox 2622 1065 2722 1116">
     <span class='ocr_line' id='line_1_36' title="bbox 2622 1065 2722 1116; baseline -0.02 0"><span class='ocrx_word' id='word_1_212' title='bbox 2622 1065 2722 1116; x_wconf 89' lang='grc'><strong>830</strong></span> 
     </span>
    </p>
   </div>
   <div class='ocr_carea' id='block_1_10' title="bbox 2621 1613 2724 1663">
    <p class='ocr_par' dir='ltr' id='par_1_27' title="bbox 2621 1613 2724 1663">
     <span class='ocr_line' id='line_1_37' title="bbox 2621 1613 2724 1663; baseline 0.01 -1"><span class='ocrx_word' id='word_1_213' title='bbox 2621 1613 2724 1663; x_wconf 87' lang='grc'><strong>835</strong></span> 
     </span>
    </p>
   </div>
   <div class='ocr_carea' id='block_1_11' title="bbox 2619 2161 2722 2211">
    <p class='ocr_par' dir='ltr' id='par_1_28' title="bbox 2619 2161 2722 2211">
     <span class='ocr_line' id='line_1_38' title="bbox 2619 2161 2722 2211; baseline 0 0"><span class='ocrx_word' id='word_1_214' title='bbox 2619 2161 2722 2211; x_wconf 83' lang='lat'><strong>840</strong></span> 
     </span>
    </p>
   </div>
   <div class='ocr_carea' id='block_1_12' title="bbox 2618 2710 2722 2760">
    <p class='ocr_par' dir='ltr' id='par_1_29' title="bbox 2618 2710 2722 2760">
     <span class='ocr_line' id='line_1_39' title="bbox 2618 2710 2722 2760; baseline 0 0"><span class='ocrx_word' id='word_1_215' title='bbox 2618 2710 2722 2760; x_wconf 83' lang='lat'><strong>845</strong></span> 
     </span>
    </p>
   </div>
   <div class='ocr_carea' id='block_1_13' title="bbox 2616 3258 2719 3309">
    <p class='ocr_par' dir='ltr' id='par_1_30' title="bbox 2616 3258 2719 3309">
     <span class='ocr_line' id='line_1_40' title="bbox 2616 3258 2719 3309; baseline -0.01 0"><span class='ocrx_word' id='word_1_216' title='bbox 2616 3258 2719 3309; x_wconf 89' lang='grc'><strong>850</strong></span> 
     </span>
    </p>
   </div>
  </div>
 </body>
</html>
