3182 4602
1115 405 1217 455 DE
1254 405 1518 455 RERVM
1554 405 1865 455 NATVRA
1904 405 1973 455 11

511 639 644 681 esse
679 621 874 682 deum
905 627 1202 697 matrem,
1237 621 1396 683 dum
1427 640 1693 684 uera1re
1724 627 1947 683 tamen
1978 620 2117 700 ipse

511 729 825 806 religione
863 729 1158 792 animum
1192 730 1382 807 turpi
1418 729 1798 808 contingere
1836 730 2123 808 parcat.)
2604 779 2615 790 .
2724 725 2824 775 680

639 923 848 1001 Saepe
881 923 1104 1001 itaque
1137 945 1216 986 ex
1247 944 1383 987 uno
1411 925 1761 987 tondentes
1794 923 2099 1002 gramina
2127 943 2360 1001 campo
2726 919 2826 968 660

511 1032 844 1110 lanigerae
887 1034 1172 1111 pecudes
1209 1040 1273 1096 et
1315 1053 1632 1111 equorum
1671 1033 1956 1096 duellica
1998 1034 2215 1111 proles

511 1141 944 1219 buceriaeque
977 1162 1205 1220 greges
1236 1144 1458 1206 eodem
1491 1144 1613 1212 sub
1646 1143 1933 1220 tegmine
1966 1142 2131 1205 caeli

512 1271 591 1312 ex
620 1272 882 1329 unoque
911 1251 1091 1314 sitim
1121 1253 1424 1314 sedantes
1456 1252 1727 1317 flumine
1759 1251 1956 1330 aquai

511 1361 816 1423 dissimili
847 1361 1085 1424 uiuont
1115 1362 1329 1440 specie
1361 1362 1781 1439 retinentque
1815 1367 2168 1440 parentum

512 1477 825 1534 naturam
857 1479 920 1534 et
953 1492 1163 1534 mores
1197 1471 1559 1548 generatim
1596 1492 1889 1554 quaeque
1924 1451 2295 1537 imitantur.
2728 1467 2829 1516 665

428 1587 706 1644 —tanta
735 1588 849 1657 est,
882 1581 953 1642 in
985 1581 1222 1658 quouis
1251 1602 1486 1659 genere
1517 1582 1776 1657 herbae,
1808 1581 2112 1644 materiai

512 1690 850 1752 dissimilis
880 1691 1070 1767 rati0‚
1103 1698 1294 1754 tanta
1325 1697 1422 1752 est
1453 1691 1524 1751 in
1555 1691 1826 1753 flumine
1857 1710 2134 1768 quoque.

513 1800 665 1862 hinc
699 1821 899 1878 porro
928 1801 1666 1878 quamuisanimantem
1698 1822 1789 1864 ex.
1808 1801 2109 1862 omnibus
2140 1820 2343 1888 unam

513 1929 657 1973 ossa
689 1930 885 1972 cruor
916 1930 1123 1973 uenae
1157 1911 1335 1972 calor
1365 1929 1556 1973 umor
1587 1909 1845 1973 uiscera
1877 1909 2069 1971 nerui
2198 1977 2201 1984 ,

514 2019 964 2096 constituunt3
999 2040 1166 2097 quae
1199 2026 1355 2083 sunt
1390 2041 1588 2098 porro
1623 2020 1944 2082 distantia
1974 2021 2185 2097 longe,
2730 2016 2830 2064 670

512 2126 816 2192 dissimili
850 2129 1150 2207 perfecta
1180 2129 1399 2206 figura,
1429 2129 1933 2207 principiorum.

514 2320 655 2377 tum
688 2334 887 2393 porro
921 2336 1367 2392 quaecumque
1399 2316 1540 2393 igni
1572 2316 1910 2378 flammata
1941 2322 2340 2391 cremantur,

513 2425 568 2486 si
601 2425 700 2486 nil
733 2433 1094 2502 praeterea,
1130 2404 1353 2488 tamen
1375 2407 1540 2487 ¹haec
1576 2425 1646 2485 in
1677 2412 1961 2503 ¹corpore¹
1998 2431 2442 2498 <tractant>

514 2536 691 2597 unde
724 2534 942 2611 ignem
975 2535 1186 2598 iacere
1221 2542 1283 2598 et
1319 2536 1541 2597 lumen
1575 2534 1962 2620 submittere
1998 2534 2251 2612 possint

515 2643 962 2721 scintillasque
999 2665 1191 2721 agere
1227 2665 1300 2707 ac
1337 2646 1466 2707 late
1503 2644 1772 2707 differre
1808 2644 2133 2706 fauillam.
2731 2641 2831 2691 675

431 2732 731 2816 —cetera
762 2753 1084 2816 consimili
1113 2753 1352 2831 mentis
1381 2754 1638 2835 ratione
1671 2774 2035 2832 peragrans

515 2862 811 2925 inuenies
844 2863 1054 2940 igitur
1085 2864 1448 2926 multarum
1481 2864 1733 2925 semina
1762 2883 1985 2945 rerum

477 3013 481 3016 -
507 2992 786 3050 'corpore
817 2974 1027 3036 celare
1060 2980 1124 3035 et
1154 2973 1378 3035 uarias
1409 2973 1708 3036 cohibere
1739 2972 2005 3051 figuras,

516 3157 798 3234 denique
829 3155 1046 3220 multa
1069 3158 1257 3220 uides
1290 3158 1528 3235 quibus
1560 3165 1627 3220 et
1655 3146 1926 3220 coloret
1956 3146 2153 3235 sapor
2182 3178 2321 3220 una
2732 3154 2830 3205 679

514 3267 781 3329 reddita
808 3274 966 3329 sunt
995 3288 1143 3329 cum
1175 3269 1403 3330 odore:
1439 3268 1510 3328 in
1540 3267 1774 3345 primis
1806 3268 2120 3345 pleraque
2152 3269 2364 3345 poma.

513 3378 672 3439 haec
711 3377 918 3454 igitur
957 3377 1165 3439 uariis
1193 3372 1444 3439 'debent
1482 3384 1781 3439 constare
1820 3366 2085 3453 figuris:

447 3560 453 3564 ⁸
516 3486 714 3548 nidor'
741 3486 916 3549 enim
949 3493 1255 3564 penetrat
1289 3503 1419 3563 qua
1452 3486 1648 3549 fucus
1679 3506 1813 3547 non
1844 3486 1898 3548 it
1930 3486 2000 3546 in
2034 3493 2238 3562 artus,

516 3596 712 3659 fucus
751 3597 908 3659 item
947 3616 1220 3673 sorsum,
1270 3589 1672 3667 <sorsum>
1722 3616 1919 3673 sapor
1958 3595 2339 3682 insinuatur

515 3706 846 3783 sensibus3
878 3712 955 3767 ut
986 3726 1214 3767 noscas
1245 3705 1480 3783 primis
1507 3699 1776 3766 differre
1806 3702 2057 3781 figuris.
2140 3712 2143 3715 ’
2492 3698 2495 3703 ’
2731 3702 2828 3751 685

441 3816 863 3878 —dissimiles
894 3809 1102 3892 igitur
1136 3814 1388 3877 formae
1418 3815 1858 3900 glomeramen
1890 3808 1960 3875 in
1991 3835 2199 3876 unum

516 3926 921 3988 conueniunt
953 3932 1017 3987 et
1047 3945 1150 3986 res
1183 3924 1511 4002 permixto
1539 3924 1781 3985 semine
1813 3919 2135 3986 constant.

538 4050 638 4097 673
659 4050 804 4109 vuly.
835 4049 1076 4097 condunt

539 4118 638 4165 681
663 4118 812 4166 dona

1525 4190 1640 4241 [62]
