3182 4602
1215 435 1275 484 Τ.
1313 435 1554 485 LVGRE
1561 435 1640 486 TI
1675 436 1854 487 CARI

473 666 604 724 quo
636 654 950 726 poterunt
980 650 1219 726 undae,
1251 670 1401 713 cum
1431 650 1643 728 pisces
1673 651 1769 715 ire
1800 651 2214 729 nequibunt?
2686 649 2794 699 380

473 763 590 819 aut
623 757 832 835 igitur
863 765 1048 822 motu
1082 759 1552 837 priuandumst
1585 781 1863 839 corpora
1896 782 2190 839 quaeque

473 873 591 929 aut
624 887 758 930 esse
790 867 1160 932 admixtum
1192 869 1611 933 dicendumst
1642 871 1837 933 rebus
1868 871 2066 935 inane

470 977 648 1038 unde
681 976 922 1040 initum
955 978 1246 1056 primum
1277 979 1498 1057 capiat
1530 1000 1635 1042 res
1667 1001 1962 1058 quaeque
1996 980 2323 1044 mouendi.

386 1093 802 1163 —postremo
830 1088 964 1150 duo
991 1089 1071 1152 de
1102 1108 1426 1151 concursu
1456 1109 1735 1166 corpora
1764 1091 1903 1152 lata

470 1195 526 1256 si
557 1196 688 1259 cita
720 1196 1068 1273 dissiliant,
1098 1218 1333 1276 nempe
1364 1218 1475 1262 aer
1506 1218 1695 1262 omne
1726 1205 2064 1275 necessest,
2684 1195 2791 1245 385

471 1305 646 1368 inter
677 1326 956 1384 corpora
984 1309 1159 1384 quod
1187 1307 1323 1384 fiat,
1357 1308 1652 1386 possidat
1684 1308 1899 1371 inane.

469 1414 527 1476 is
559 1436 756 1493 porro
790 1417 1092 1493 quamuis
1126 1417 1373 1481 circum
1406 1418 1846 1481 celerantibus
1880 1418 2061 1482 auris

470 1526 777 1602 confluat,
808 1526 989 1589 haud
1018 1527 1264 1604 poterit
1294 1533 1516 1590 tamen
1544 1547 1681 1590 uno
1710 1534 2003 1606 tempore
2032 1533 2247 1591 totum

470 1635 784 1713 compleri
817 1635 1141 1713 spatium3
1178 1657 1332 1700 nam
1368 1637 1659 1714 primum
1696 1657 2015 1715 quemque
2052 1644 2371 1700 necessest

470 1752 742 1822 occupet
772 1744 882 1809 ille
912 1746 1144 1823 locum,
1176 1745 1413 1809 deinde
1444 1747 1663 1810 omnia
1694 1747 2175 1825 possideantur.
2683 1743 2789 1793 390

470 1856 644 1932 quod
674 1855 730 1917 si
762 1854 936 1917 forte
966 1855 1224 1933 aliquis,
1258 1877 1406 1919 cum
1437 1876 1717 1935 corpora
1744 1857 2107 1932 dissiluere,

467 1971 612 2026 tum
645 1971 843 2043 putat
873 1965 943 2026 id
972 1965 1116 2028 fieri
1152 1965 1308 2042 quia
1339 1987 1405 2029 se
1439 1967 1832 2029 condenseat
1867 1987 1998 2043 aer,

469 2081 682 2152 errat;
711 2095 866 2136 nam
896 2095 1181 2138 uacuum
1212 2083 1356 2138 tum
1386 2077 1461 2137 fit
1493 2077 1669 2152 quod
1700 2095 1832 2137 non
1862 2075 1997 2138 fuit
2029 2083 2182 2140 ante

468 2191 532 2246 et
566 2185 862 2263 repletur
897 2184 1052 2247 item
1085 2206 1373 2248 uacuum
1406 2186 1581 2262 quod
1617 2185 1914 2248 constitit
1949 2193 2121 2262 ante,

466 2315 586 2357 nec
615 2294 737 2358 tali
770 2293 1025 2359 ratione
1057 2301 1272 2374 potest
1304 2295 1637 2359 denserier
1670 2309 1801 2372 aer,
2681 2293 2788 2343 395

466 2425 602 2480 nec,
638 2404 692 2466 si
724 2405 854 2467 iam
885 2412 1119 2483 posset,
1153 2405 1291 2467 sine
1321 2405 1506 2468 inani
1540 2411 1777 2484 posset,
1810 2405 2064 2484 opinor,

467 2513 606 2591 ipse
639 2514 708 2575 in
740 2535 805 2576 se
836 2516 1100 2579 trahere
1131 2522 1194 2578 et
1228 2516 1441 2594 partis
1472 2516 1835 2578 conducere
1868 2515 1938 2575 in
1969 2535 2196 2577 unum.

561 2708 1038 2787 (Quapropter,
1077 2709 1382 2786 quamuis
1415 2710 1748 2772 causando
1781 2709 1990 2772 multa
2024 2709 2317 2786 moreriS,

464 2839 600 2881 esse
633 2818 702 2879 111
732 2820 928 2881 rebus
957 2819 1152 2882 inane
1184 2804 1405 2881 tamen
1438 2818 1694 2882 fateare
1726 2825 2063 2881 necessest.

463 2928 802 3005 multaque
835 2935 1176 3007 praeterea
1204 2928 1326 2991 tibi
1357 2938 1621 3006 possum
1652 2929 2217 2991 commemorando
2679 2926 2784 2975 400

466 3043 857 3115 argumenta
891 3037 1087 3101 fidem
1124 3038 1321 3100 dictis
1354 3039 1711 3101 conradere
1746 3037 2008 3099 nostris,

465 3168 699 3210 uerum
731 3147 952 3210 animo
981 3148 1142 3210 satis
1172 3149 1330 3210 haec
1362 3147 1648 3225 uestigia
1680 3168 1892 3225 parua
1924 3146 2143 3224 sagaci

465 3265 621 3320 sunt
662 3278 780 3335 per
820 3277 985 3334 quae
1027 3258 1234 3335 possis
1274 3277 1657 3334 cognoscere
1698 3264 1914 3319 cetera
1954 3262 2115 3318 tute.

380 3387 747 3444 —namque
779 3387 972 3429 canes
1001 3374 1077 3429 ut
1107 3367 1526 3444 montiuagae
1559 3386 1872 3444 persaepe
1905 3365 2203 3429 ferarum

464 3477 738 3540 naribus
771 3476 1125 3539 inueniunt
1158 3476 1436 3539 intectas
1471 3475 1711 3538 fronde
1745 3474 2014 3552 quietes,
2676 3474 2782 3523 405

467 3608 614 3649 cum
649 3588 843 3648 semel
878 3586 1267 3649 institerunt
1301 3586 1584 3663 uestigia
1620 3592 1800 3647 certa
1833 3584 1991 3661 uiai,

466 3696 558 3759 sic
589 3696 724 3759 alid
756 3718 835 3759 ex
865 3695 992 3758 alio
1023 3717 1141 3774 per
1168 3702 1233 3758 te
1262 3702 1406 3758 tute
1438 3695 1577 3773 ipse
1607 3695 1836 3757 uidere

466 3806 712 3869 talibus
743 3805 813 3866 in
843 3805 1038 3868 rebus
1071 3804 1320 3884 poteris
1348 3824 1698 3881 caecasque
1730 3804 2017 3867 latebras

467 3916 806 3978 insinuare
843 3914 1050 3977 omnis
1086 3920 1150 3978 et
1185 3935 1418 3976 uerum
1454 3914 1842 3992 protrahere
1878 3912 2050 3975 inde.

469 4026 644 4103 quod
675 4025 730 4087 si
761 4024 1048 4103 pigraris
1081 4025 1438 4102 paulumue
1470 4022 1810 4086 recesseris
1843 4023 1923 4085 ab
1956 4044 2045 4098 re,
2677 4020 2779 4069 410

489 4149 593 4198 384
613 4162 869 4197 concurso

1473 4214 1587 4267 [14]
