<?xml version="1.0" encoding="UTF-8"?>
<!DOCTYPE html PUBLIC "-//W3C//DTD XHTML 1.0 Transitional//EN"
    "http://www.w3.org/TR/xhtml1/DTD/xhtml1-transitional.dtd">
<html xmlns="http://www.w3.org/1999/xhtml" xml:lang="en" lang="en">
 <head>
  <title>
</title>
<meta http-equiv="Content-Type" content="text/html;charset=utf-8" />
  <meta name='ocr-system' content='tesseract 3.04.00' />
  <meta name='ocr-capabilities' content='ocr_page ocr_carea ocr_par ocr_line ocrx_word'/>
</head>
<body>
  <div class='ocr_page' id='page_1' title='image "./lvcretiderervmn00unkngoog_0120.png"; bbox 0 0 3182 4602; ppageno 0'>
   <div class='ocr_carea' id='block_1_1' title="bbox 1161 441 1809 493">
    <p class='ocr_par' dir='ltr' id='par_1_1' title="bbox 1161 441 1809 493">
     <span class='ocr_line' id='line_1_1' title="bbox 1161 441 1809 493; baseline 0 -2"><span class='ocrx_word' id='word_1_1' title='bbox 1161 442 1222 491; x_wconf 63' lang='lat' dir='ltr'>Ta</span> <span class='ocrx_word' id='word_1_2' title='bbox 1264 441 1591 493; x_wconf 82' lang='lat' dir='ltr'><strong><em>LVGRETI</em></strong></span> <span class='ocrx_word' id='word_1_3' title='bbox 1631 441 1809 492; x_wconf 77' lang='lat' dir='ltr'><strong><em>CARI</em></strong></span> 
     </span>
    </p>
   </div>
   <div class='ocr_carea' id='block_1_2' title="bbox 335 656 2734 3922">
    <p class='ocr_par' dir='ltr' id='par_1_2' title="bbox 415 656 2730 2053">
     <span class='ocr_line' id='line_1_2' title="bbox 415 656 1879 735; baseline 0 -16"><span class='ocrx_word' id='word_1_4' title='bbox 415 656 518 719; x_wconf 84' lang='lat' dir='ltr'>sin</span> <span class='ocrx_word' id='word_1_5' title='bbox 550 657 648 720; x_wconf 90' lang='lat' dir='ltr'>ita</span> <span class='ocrx_word' id='word_1_6' title='bbox 677 657 949 720; x_wconf 78' lang='lat' dir='ltr'>sinceris</span> <span class='ocrx_word' id='word_1_7' title='bbox 978 657 1287 721; x_wconf 91' lang='lat' dir='ltr'>membris</span> <span class='ocrx_word' id='word_1_8' title='bbox 1320 658 1541 720; x_wconf 88' lang='lat' dir='ltr'>ablata</span> <span class='ocrx_word' id='word_1_9' title='bbox 1559 656 1879 735; x_wconf 66' lang='lat' dir='ltr'>⁴profugit</span> 
     </span>
     <span class='ocr_line' id='line_1_3' title="bbox 415 766 1925 845; baseline -0.001 -16"><span class='ocrx_word' id='word_1_10' title='bbox 415 773 492 829; x_wconf 94' lang='lat' dir='ltr'>ut</span> <span class='ocrx_word' id='word_1_11' title='bbox 522 768 742 830; x_wconf 91' lang='lat' dir='ltr'>nullas</span> <span class='ocrx_word' id='word_1_12' title='bbox 775 767 987 845; x_wconf 90' lang='lat' dir='ltr'>partis</span> <span class='ocrx_word' id='word_1_13' title='bbox 1017 767 1089 828; x_wconf 92' lang='lat' dir='ltr'>in</span> <span class='ocrx_word' id='word_1_14' title='bbox 1121 787 1392 845; x_wconf 89' lang='lat' dir='ltr'>corpore</span> <span class='ocrx_word' id='word_1_15' title='bbox 1424 766 1697 843; x_wconf 90' lang='lat' dir='ltr'>liquerit</span> <span class='ocrx_word' id='word_1_16' title='bbox 1730 786 1809 827; x_wconf 84' lang='lat' dir='ltr'>ex</span> <span class='ocrx_word' id='word_1_17' title='bbox 1840 786 1925 842; x_wconf 89' lang='lat' dir='ltr'>se,</span> 
     </span>
     <span class='ocr_line' id='line_1_4' title="bbox 416 876 2014 940; baseline 0 -1"><span class='ocrx_word' id='word_1_18' title='bbox 416 878 592 940; x_wconf 95' lang='lat' dir='ltr'>unde</span> <span class='ocrx_word' id='word_1_19' title='bbox 624 878 952 940; x_wconf 88' lang='lat' dir='ltr'>cadauera</span> <span class='ocrx_word' id='word_1_20' title='bbox 982 876 1283 939; x_wconf 79' lang='lat' dir='ltr'>rancenti</span> <span class='ocrx_word' id='word_1_21' title='bbox 1315 876 1446 939; x_wconf 92' lang='lat' dir='ltr'>iam</span> <span class='ocrx_word' id='word_1_22' title='bbox 1478 876 1728 939; x_wconf 73' lang='lat' dir='ltr'>uisicere</span> <span class='ocrx_word' id='word_1_23' title='bbox 1760 896 2014 939; x_wconf 90' lang='lat' dir='ltr'>uermes</span> 
     </span>
     <span class='ocr_line' id='line_1_5' title="bbox 416 981 2727 1065; baseline 0.001 -18"><span class='ocrx_word' id='word_1_24' title='bbox 416 987 726 1065; x_wconf 77' lang='lat' dir='ltr'>expirant</span> <span class='ocrx_word' id='word_1_25' title='bbox 758 993 955 1063; x_wconf 88' lang='lat' dir='ltr'>atque</span> <span class='ocrx_word' id='word_1_26' title='bbox 985 988 1162 1049; x_wconf 92' lang='lat' dir='ltr'>unde</span> <span class='ocrx_word' id='word_1_27' title='bbox 1195 986 1609 1049; x_wconf 83' lang='lat' dir='ltr'>animantum</span> <span class='ocrx_word' id='word_1_28' title='bbox 1640 986 1829 1063; x_wconf 90' lang='lat' dir='ltr'>copia</span> <span class='ocrx_word' id='word_1_29' title='bbox 1857 992 2049 1049; x_wconf 87' lang='lat' dir='ltr'>tanta</span> <span class='ocrx_word' id='word_1_30' title='bbox 2626 981 2727 1031; x_wconf 84' lang='lat'>720</span> 
     </span>
     <span class='ocr_line' id='line_1_6' title="bbox 417 1096 2032 1175; baseline -0.001 -16"><span class='ocrx_word' id='word_1_31' title='bbox 417 1117 568 1159; x_wconf 86' lang='lat' dir='ltr'>exos</span> <span class='ocrx_word' id='word_1_32' title='bbox 599 1103 665 1160; x_wconf 89' lang='lat' dir='ltr'>et</span> <span class='ocrx_word' id='word_1_33' title='bbox 697 1096 1022 1174; x_wconf 83' lang='lat' dir='ltr'>exanguis·</span> <span class='ocrx_word' id='word_1_34' title='bbox 1046 1096 1336 1159; x_wconf 86' lang='lat' dir='ltr'>tumidos</span> <span class='ocrx_word' id='word_1_35' title='bbox 1367 1096 1770 1175; x_wconf 88' lang='lat' dir='ltr'>perfluctuat</span> <span class='ocrx_word' id='word_1_36' title='bbox 1804 1099 2032 1158; x_wconf 67' lang='lat' dir='ltr'>artus?</span> 
     </span>
     <span class='ocr_line' id='line_1_7' title="bbox 453 1205 2128 1285; baseline -0.002 -16"><span class='ocrx_word' id='word_1_37' title='bbox 453 1206 734 1285; x_wconf 82' lang='lat' dir='ltr'>—Quod</span> <span class='ocrx_word' id='word_1_38' title='bbox 768 1206 824 1268; x_wconf 92' lang='lat' dir='ltr'>si</span> <span class='ocrx_word' id='word_1_39' title='bbox 861 1206 1034 1269; x_wconf 82' lang='lat' dir='ltr'>forte</span> <span class='ocrx_word' id='word_1_40' title='bbox 1070 1206 1338 1269; x_wconf 87' lang='lat' dir='ltr'>animas·</span> <span class='ocrx_word' id='word_1_41' title='bbox 1358 1206 1763 1268; x_wconf 84' lang='lat' dir='ltr'>extrinsecus</span> <span class='ocrx_word' id='word_1_42' title='bbox 1800 1205 2128 1267; x_wconf 87' lang='lat' dir='ltr'>insinuari</span> 
     </span>
     <span class='ocr_line' id='line_1_8' title="bbox 417 1315 1994 1395; baseline -0.001 -16"><span class='ocrx_word' id='word_1_43' title='bbox 417 1317 753 1379; x_wconf 91' lang='lat' dir='ltr'>uermibus</span> <span class='ocrx_word' id='word_1_44' title='bbox 783 1324 848 1379; x_wconf 87' lang='lat' dir='ltr'>et</span> <span class='ocrx_word' id='word_1_45' title='bbox 880 1316 1110 1395; x_wconf 87' lang='lat' dir='ltr'>priuas</span> <span class='ocrx_word' id='word_1_46' title='bbox 1139 1316 1518 1394; x_wconf 90' lang='lat' dir='ltr'>incorpora</span> <span class='ocrx_word' id='word_1_47' title='bbox 1547 1336 1735 1394; x_wconf 90' lang='lat' dir='ltr'>posse</span> <span class='ocrx_word' id='word_1_48' title='bbox 1766 1315 1994 1378; x_wconf 87' lang='lat' dir='ltr'>uenire</span> 
     </span>
     <span class='ocr_line' id='line_1_9' title="bbox 417 1424 2066 1504; baseline -0.001 -16"><span class='ocrx_word' id='word_1_49' title='bbox 417 1426 629 1489; x_wconf 89' lang='lat' dir='ltr'>credis</span> <span class='ocrx_word' id='word_1_50' title='bbox 655 1446 774 1488; x_wconf 92' lang='lat' dir='ltr'>nec</span> <span class='ocrx_word' id='word_1_51' title='bbox 799 1433 1072 1504; x_wconf 91' lang='lat' dir='ltr'>reputas</span> <span class='ocrx_word' id='word_1_52' title='bbox 1099 1434 1218 1489; x_wconf 90' lang='lat' dir='ltr'>cur</span> <span class='ocrx_word' id='word_1_53' title='bbox 1242 1426 1427 1489; x_wconf 91' lang='lat' dir='ltr'>milia</span> <span class='ocrx_word' id='word_1_54' title='bbox 1453 1426 1666 1489; x_wconf 90' lang='lat' dir='ltr'>multa</span> <span class='ocrx_word' id='word_1_55' title='bbox 1694 1424 2066 1488; x_wconf 88' lang='lat' dir='ltr'>animarum</span> 
     </span>
     <span class='ocr_line' id='line_1_10' title="bbox 417 1531 2730 1611; baseline -0 -13"><span class='ocrx_word' id='word_1_56' title='bbox 417 1536 816 1599; x_wconf 91' lang='lat' dir='ltr'>conueniant</span> <span class='ocrx_word' id='word_1_57' title='bbox 847 1537 1024 1599; x_wconf 89' lang='lat' dir='ltr'>unde</span> <span class='ocrx_word' id='word_1_58' title='bbox 1056 1556 1191 1599; x_wconf 91' lang='lat' dir='ltr'>una</span> <span class='ocrx_word' id='word_1_59' title='bbox 1221 1536 1578 1611; x_wconf 83' lang='lat' dir='ltr'>recesserit,</span> <span class='ocrx_word' id='word_1_60' title='bbox 1610 1536 1731 1597; x_wconf 92' lang='lat' dir='ltr'>hoc</span> <span class='ocrx_word' id='word_1_61' title='bbox 1762 1542 1983 1598; x_wconf 90' lang='lat' dir='ltr'>tamen</span> <span class='ocrx_word' id='word_1_62' title='bbox 2015 1541 2111 1598; x_wconf 90' lang='lat' dir='ltr'>est</span> <span class='ocrx_word' id='word_1_63' title='bbox 2142 1542 2217 1597; x_wconf 91' lang='lat' dir='ltr'>ut</span> <span class='ocrx_word' id='word_1_64' title='bbox 2628 1531 2730 1581; x_wconf 84' lang='lat'>725</span> 
     </span>
     <span class='ocr_line' id='line_1_11' title="bbox 417 1644 2185 1735; baseline -0.001 -26"><span class='ocrx_word' id='word_1_65' title='bbox 417 1647 870 1723; x_wconf 91' lang='lat' dir='ltr'>quaerendum</span> <span class='ocrx_word' id='word_1_66' title='bbox 900 1646 1213 1709; x_wconf 89' lang='lat' dir='ltr'>uideatur</span> <span class='ocrx_word' id='word_1_67' title='bbox 1247 1653 1311 1708; x_wconf 97' lang='lat' dir='ltr'>et</span> <span class='ocrx_word' id='word_1_68' title='bbox 1345 1646 1417 1706; x_wconf 91' lang='lat' dir='ltr'>in</span> <span class='ocrx_word' id='word_1_69' title='bbox 1451 1644 1804 1707; x_wconf 89' lang='lat' dir='ltr'>discrimen</span> <span class='ocrx_word' id='word_1_70' title='bbox 1837 1646 2185 1735; x_wconf 87' lang='lat' dir='ltr'>agendum,</span> 
     </span>
     <span class='ocr_line' id='line_1_12' title="bbox 417 1755 2207 1831; baseline -0.001 -12"><span class='ocrx_word' id='word_1_71' title='bbox 417 1763 646 1819; x_wconf 90' lang='lat' dir='ltr'>utrum</span> <span class='ocrx_word' id='word_1_72' title='bbox 676 1757 946 1819; x_wconf 89' lang='lat' dir='ltr'>tandem</span> <span class='ocrx_word' id='word_1_73' title='bbox 978 1756 1234 1819; x_wconf 87' lang='lat' dir='ltr'>animae</span> <span class='ocrx_word' id='word_1_74' title='bbox 1258 1762 1598 1819; x_wconf 90' lang='lat' dir='ltr'>·uenentur</span> <span class='ocrx_word' id='word_1_75' title='bbox 1631 1755 1880 1818; x_wconf 89' lang='lat' dir='ltr'>semina</span> <span class='ocrx_word' id='word_1_76' title='bbox 1912 1775 2207 1831; x_wconf 88' lang='lat' dir='ltr'>quaeque</span> 
     </span>
     <span class='ocr_line' id='line_1_13' title="bbox 415 1864 2207 1943; baseline -0.001 -15"><span class='ocrx_word' id='word_1_77' title='bbox 415 1866 928 1928; x_wconf 91' lang='lat' dir='ltr'>uermiculorum</span> <span class='ocrx_word' id='word_1_78' title='bbox 961 1865 1270 1943; x_wconf 84' lang='lat' dir='ltr'>ipsaeque</span> <span class='ocrx_word' id='word_1_79' title='bbox 1302 1864 1427 1927; x_wconf 89' lang='lat' dir='ltr'>sibi</span> <span class='ocrx_word' id='word_1_80' title='bbox 1460 1864 1877 1928; x_wconf 80' lang='lat' dir='ltr'>fabricentur</span> <span class='ocrx_word' id='word_1_81' title='bbox 1908 1864 2022 1927; x_wconf 91' lang='lat' dir='ltr'>ubi</span> <span class='ocrx_word' id='word_1_82' title='bbox 2054 1864 2207 1941; x_wconf 90' lang='lat' dir='ltr'>sint,</span> 
     </span>
     <span class='ocr_line' id='line_1_14' title="bbox 417 1974 1959 2053; baseline -0.001 -15"><span class='ocrx_word' id='word_1_83' title='bbox 417 1996 502 2038; x_wconf 89' lang='lat' dir='ltr'>an</span> <span class='ocrx_word' id='word_1_84' title='bbox 532 1975 722 2052; x_wconf 90' lang='lat' dir='ltr'>quasi</span> <span class='ocrx_word' id='word_1_85' title='bbox 754 1975 1139 2053; x_wconf 89' lang='lat' dir='ltr'>corporibus</span> <span class='ocrx_word' id='word_1_86' title='bbox 1167 1974 1484 2053; x_wconf 80' lang='lat' dir='ltr'>perfectis</span> <span class='ocrx_word' id='word_1_87' title='bbox 1516 1975 1959 2045; x_wconf 86' lang='lat' dir='ltr'>insinuentur.</span> 
     </span>
    </p>

    <p class='ocr_par' dir='ltr' id='par_1_3' title="bbox 335 2082 2728 2384">
     <span class='ocr_line' id='line_1_15' title="bbox 335 2082 2728 2163; baseline 0 -16"><span class='ocrx_word' id='word_1_88' title='bbox 335 2092 486 2148; x_wconf 86' lang='lat' dir='ltr'>—at</span> <span class='ocrx_word' id='word_1_89' title='bbox 515 2105 726 2162; x_wconf 89' lang='lat' dir='ltr'>neque</span> <span class='ocrx_word' id='word_1_90' title='bbox 756 2106 875 2148; x_wconf 95' lang='lat' dir='ltr'>cur</span> <span class='ocrx_word' id='word_1_91' title='bbox 905 2084 1161 2147; x_wconf 80' lang='lat' dir='ltr'>faciant</span> <span class='ocrx_word' id='word_1_92' title='bbox 1189 2086 1371 2163; x_wconf 90' lang='lat' dir='ltr'>ipsae</span> <span class='ocrx_word' id='word_1_93' title='bbox 1402 2105 1690 2163; x_wconf 88' lang='lat' dir='ltr'>quareue</span> <span class='ocrx_word' id='word_1_94' title='bbox 1721 2086 2021 2148; x_wconf 90' lang='lat' dir='ltr'>laborent</span> <span class='ocrx_word' id='word_1_95' title='bbox 2228 2144 2235 2149; x_wconf 72' lang='grc'>,</span> <span class='ocrx_word' id='word_1_96' title='bbox 2628 2082 2728 2132; x_wconf 87' lang='lat'>730</span> 
     </span>
     <span class='ocr_line' id='line_1_16' title="bbox 417 2194 2457 2273; baseline 0 -16"><span class='ocrx_word' id='word_1_97' title='bbox 417 2195 633 2259; x_wconf 90' lang='lat' dir='ltr'>dicere</span> <span class='ocrx_word' id='word_1_98' title='bbox 667 2194 1073 2273; x_wconf 88' lang='lat' dir='ltr'>suppeditat.</span> <span class='ocrx_word' id='word_1_99' title='bbox 1150 2216 1361 2272; x_wconf 89' lang='lat' dir='ltr'>neque</span> <span class='ocrx_word' id='word_1_100' title='bbox 1395 2195 1588 2271; x_wconf 89' lang='lat' dir='ltr'>enim,</span> <span class='ocrx_word' id='word_1_101' title='bbox 1624 2195 1763 2259; x_wconf 91' lang='lat' dir='ltr'>sine</span> <span class='ocrx_word' id='word_1_102' title='bbox 1797 2214 2067 2273; x_wconf 89' lang='lat' dir='ltr'>corpore</span> <span class='ocrx_word' id='word_1_103' title='bbox 2101 2216 2249 2258; x_wconf 92' lang='lat' dir='ltr'>cum</span> <span class='ocrx_word' id='word_1_104' title='bbox 2282 2201 2457 2271; x_wconf 90' lang='lat' dir='ltr'>sunt,</span> 
     </span>
     <span class='ocr_line' id='line_1_17' title="bbox 417 2305 2024 2384; baseline 0 -16"><span class='ocrx_word' id='word_1_105' title='bbox 417 2306 734 2368; x_wconf 88' lang='lat' dir='ltr'>sollicitae</span> <span class='ocrx_word' id='word_1_106' title='bbox 767 2305 1053 2368; x_wconf 91' lang='lat' dir='ltr'>uolitant</span> <span class='ocrx_word' id='word_1_107' title='bbox 1087 2305 1332 2368; x_wconf 91' lang='lat' dir='ltr'>morbis</span> <span class='ocrx_word' id='word_1_108' title='bbox 1365 2307 1649 2384; x_wconf 87' lang='lat' dir='ltr'>alguque</span> <span class='ocrx_word' id='word_1_109' title='bbox 1686 2305 2024 2382; x_wconf 82' lang='lat' dir='ltr'>fameque;</span> 
     </span>
    </p>

    <p class='ocr_par' dir='ltr' id='par_1_4' title="bbox 388 2415 2109 2603">
     <span class='ocr_line' id='line_1_18' title="bbox 388 2415 2093 2494; baseline 0 -16"><span class='ocrx_word' id='word_1_110' title='bbox 388 2415 660 2494; x_wconf 90' lang='lat' dir='ltr'>(corpus</span> <span class='ocrx_word' id='word_1_111' title='bbox 691 2415 865 2478; x_wconf 89' lang='lat' dir='ltr'>enim</span> <span class='ocrx_word' id='word_1_112' title='bbox 895 2415 1104 2493; x_wconf 87' lang='lat' dir='ltr'>magis</span> <span class='ocrx_word' id='word_1_113' title='bbox 1133 2415 1237 2477; x_wconf 91' lang='lat' dir='ltr'>his</span> <span class='ocrx_word' id='word_1_114' title='bbox 1267 2415 1454 2478; x_wconf 90' lang='lat' dir='ltr'>uitiis</span> <span class='ocrx_word' id='word_1_115' title='bbox 1485 2415 1703 2479; x_wconf 83' lang='lat' dir='ltr'>adfine</span> <span class='ocrx_word' id='word_1_116' title='bbox 1733 2417 1992 2478; x_wconf 84' lang='lat' dir='ltr'>laborat</span> <span class='ocrx_word' id='word_1_117' title='bbox 2090 2449 2093 2454; x_wconf 96' lang='lat'>·</span> 
     </span>
     <span class='ocr_line' id='line_1_19' title="bbox 417 2525 2109 2603; baseline 0.001 -17"><span class='ocrx_word' id='word_1_118' title='bbox 417 2531 481 2586; x_wconf 89' lang='lat' dir='ltr'>et</span> <span class='ocrx_word' id='word_1_119' title='bbox 514 2526 691 2589; x_wconf 91' lang='lat' dir='ltr'>mala</span> <span class='ocrx_word' id='word_1_120' title='bbox 721 2526 936 2589; x_wconf 90' lang='lat' dir='ltr'>multa</span> <span class='ocrx_word' id='word_1_121' title='bbox 969 2525 1230 2588; x_wconf 89' lang='lat' dir='ltr'>animus</span> <span class='ocrx_word' id='word_1_122' title='bbox 1262 2525 1524 2603; x_wconf 87' lang='lat' dir='ltr'>contagi</span> <span class='ocrx_word' id='word_1_123' title='bbox 1560 2525 1873 2603; x_wconf 81' lang='lat' dir='ltr'>fungitur</span> <span class='ocrx_word' id='word_1_124' title='bbox 1907 2525 2109 2602; x_wconf 90' lang='lat' dir='ltr'>eius).</span> 
     </span>
    </p>

    <p class='ocr_par' dir='ltr' id='par_1_5' title="bbox 356 2634 2731 2823">
     <span class='ocr_line' id='line_1_20' title="bbox 356 2634 2731 2714; baseline -0.001 -12"><span class='ocrx_word' id='word_1_125' title='bbox 356 2699 360 2702; x_wconf 84' lang='grc'><strong>,</strong></span> <span class='ocrx_word' id='word_1_126' title='bbox 411 2636 529 2698; x_wconf 82' lang='lat' dir='ltr'>sed</span> <span class='ocrx_word' id='word_1_127' title='bbox 561 2641 785 2698; x_wconf 89' lang='lat' dir='ltr'>tamen</span> <span class='ocrx_word' id='word_1_128' title='bbox 817 2635 919 2697; x_wconf 92' lang='lat' dir='ltr'>his</span> <span class='ocrx_word' id='word_1_129' title='bbox 954 2642 1097 2698; x_wconf 89' lang='lat' dir='ltr'>esto·</span> <span class='ocrx_word' id='word_1_130' title='bbox 1123 2636 1426 2712; x_wconf 90' lang='lat' dir='ltr'>quamuis</span> <span class='ocrx_word' id='word_1_131' title='bbox 1461 2635 1681 2699; x_wconf 79' lang='lat' dir='ltr'>facere</span> <span class='ocrx_word' id='word_1_132' title='bbox 1713 2635 1879 2699; x_wconf 92' lang='lat' dir='ltr'>utile</span> <span class='ocrx_word' id='word_1_133' title='bbox 1914 2656 2152 2714; x_wconf 90' lang='lat' dir='ltr'>corpus</span> <span class='ocrx_word' id='word_1_134' title='bbox 2551 2634 2555 2638; x_wconf 75' lang='grc'><strong>’</strong></span> <span class='ocrx_word' id='word_1_135' title='bbox 2629 2634 2731 2684; x_wconf 84' lang='lat'>735</span> 
     </span>
     <span class='ocr_line' id='line_1_21' title="bbox 419 2734 2393 2823; baseline 0.001 -17"><span class='ocrx_word' id='word_1_136' title='bbox 419 2745 524 2806; x_wconf 92' lang='lat' dir='ltr'>cui</span> <span class='ocrx_word' id='word_1_137' title='bbox 553 2746 867 2821; x_wconf 89' lang='lat' dir='ltr'>subeant;</span> <span class='ocrx_word' id='word_1_138' title='bbox 901 2752 970 2808; x_wconf 92' lang='lat' dir='ltr'>at</span> <span class='ocrx_word' id='word_1_139' title='bbox 1000 2766 1130 2823; x_wconf 88' lang='lat' dir='ltr'>qua</span> <span class='ocrx_word' id='word_1_140' title='bbox 1161 2745 1414 2823; x_wconf 86' lang='lat' dir='ltr'>possint</span> <span class='ocrx_word' id='word_1_141' title='bbox 1446 2745 1560 2808; x_wconf 94' lang='lat' dir='ltr'>uia</span> <span class='ocrx_word' id='word_1_142' title='bbox 1590 2746 1780 2808; x_wconf 92' lang='lat' dir='ltr'>nulla</span> <span class='ocrx_word' id='word_1_143' title='bbox 1807 2745 2098 2808; x_wconf 89' lang='lat' dir='ltr'>uidetur.</span> <span class='ocrx_word' id='word_1_144' title='bbox 2389 2734 2393 2738; x_wconf 36' lang='lat'>⁵</span> 
     </span>
    </p>

    <p class='ocr_par' dir='ltr' id='par_1_6' title="bbox 338 2854 2175 2934">
     <span class='ocr_line' id='line_1_22' title="bbox 338 2854 2175 2934; baseline 0.002 -19"><span class='ocrx_word' id='word_1_145' title='bbox 338 2855 582 2918; x_wconf 89' lang='lat' dir='ltr'>——haut</span> <span class='ocrx_word' id='word_1_146' title='bbox 609 2854 819 2933; x_wconf 90' lang='lat' dir='ltr'>igitur</span> <span class='ocrx_word' id='word_1_147' title='bbox 847 2854 1109 2918; x_wconf 79' lang='lat' dir='ltr'>faciunt</span> <span class='ocrx_word' id='word_1_148' title='bbox 1137 2855 1394 2919; x_wconf 87' lang='lat' dir='ltr'>animae</span> <span class='ocrx_word' id='word_1_149' title='bbox 1420 2855 1546 2918; x_wconf 91' lang='lat' dir='ltr'>sibi</span> <span class='ocrx_word' id='word_1_150' title='bbox 1573 2875 1853 2934; x_wconf 90' lang='lat' dir='ltr'>corpora</span> <span class='ocrx_word' id='word_1_151' title='bbox 1878 2863 1942 2920; x_wconf 92' lang='lat' dir='ltr'>et</span> <span class='ocrx_word' id='word_1_152' title='bbox 1972 2863 2175 2919; x_wconf 73' lang='lat' dir='ltr'>artus</span> 
     </span>
    </p>

    <p class='ocr_par' dir='ltr' id='par_1_7' title="bbox 338 2964 2731 3263">
     <span class='ocr_line' id='line_1_23' title="bbox 338 2964 1943 3043; baseline 0 -17"><span class='ocrx_word' id='word_1_153' title='bbox 338 2984 534 3027; x_wconf 73' lang='lat' dir='ltr'>—nec</span> <span class='ocrx_word' id='word_1_154' title='bbox 565 2972 788 3028; x_wconf 89' lang='lat' dir='ltr'>tamen</span> <span class='ocrx_word' id='word_1_155' title='bbox 821 2972 916 3027; x_wconf 91' lang='lat' dir='ltr'>est</span> <span class='ocrx_word' id='word_1_156' title='bbox 946 2965 1141 3043; x_wconf 95' lang='lat' dir='ltr'>utqui</span> <span class='ocrx_word' id='word_1_157' title='bbox 1171 2964 1490 3043; x_wconf 78' lang='lat' dir='ltr'>perfectis</span> <span class='ocrx_word' id='word_1_158' title='bbox 1518 2965 1943 3028; x_wconf 83' lang='lat' dir='ltr'>insinuentur</span> 
     </span>
     <span class='ocr_line' id='line_1_24' title="bbox 419 3074 2237 3153; baseline 0.002 -17"><span class='ocrx_word' id='word_1_159' title='bbox 419 3074 836 3152; x_wconf 90' lang='lat' dir='ltr'>corporibus;</span> <span class='ocrx_word' id='word_1_160' title='bbox 867 3075 1283 3152; x_wconf 85' lang='lat' dir='ltr'>nequeenim</span> <span class='ocrx_word' id='word_1_161' title='bbox 1313 3081 1631 3153; x_wconf 86' lang='lat' dir='ltr'>poterunt</span> <span class='ocrx_word' id='word_1_162' title='bbox 1662 3075 2001 3153; x_wconf 90' lang='lat' dir='ltr'>suptiliter</span> <span class='ocrx_word' id='word_1_163' title='bbox 2032 3096 2165 3139; x_wconf 90' lang='lat' dir='ltr'>esse</span> <span class='ocrx_word' id='word_1_164' title='bbox 2233 3100 2237 3104; x_wconf 90' lang='lat'><em>·</em></span> 
     </span>
     <span class='ocr_line' id='line_1_25' title="bbox 420 3183 2731 3263; baseline 0 -17"><span class='ocrx_word' id='word_1_165' title='bbox 420 3204 698 3248; x_wconf 86' lang='lat' dir='ltr'>conexae</span> <span class='ocrx_word' id='word_1_166' title='bbox 728 3204 937 3262; x_wconf 92' lang='lat' dir='ltr'>neque</span> <span class='ocrx_word' id='word_1_167' title='bbox 968 3204 1285 3247; x_wconf 89' lang='lat' dir='ltr'>consensu</span> <span class='ocrx_word' id='word_1_168' title='bbox 1313 3185 1620 3263; x_wconf 88' lang='lat' dir='ltr'>contagia</span> <span class='ocrx_word' id='word_1_169' title='bbox 1645 3184 1823 3247; x_wconf 89' lang='lat' dir='ltr'>fient.</span> <span class='ocrx_word' id='word_1_170' title='bbox 2165 3216 2169 3220; x_wconf 96' lang='lat'>·</span> <span class='ocrx_word' id='word_1_171' title='bbox 2632 3183 2731 3232; x_wconf 84' lang='lat'>740</span> 
     </span>
    </p>

    <p class='ocr_par' dir='ltr' id='par_1_8' title="bbox 420 3293 2216 3483">
     <span class='ocr_line' id='line_1_26' title="bbox 543 3293 2074 3372; baseline 0 -16"><span class='ocrx_word' id='word_1_172' title='bbox 543 3293 845 3372; x_wconf 89' lang='lat' dir='ltr'>Denique</span> <span class='ocrx_word' id='word_1_173' title='bbox 878 3315 996 3356; x_wconf 93' lang='lat' dir='ltr'>cur</span> <span class='ocrx_word' id='word_1_174' title='bbox 1030 3295 1200 3357; x_wconf 88' lang='lat' dir='ltr'>acris</span> <span class='ocrx_word' id='word_1_175' title='bbox 1231 3294 1552 3358; x_wconf 90' lang='lat' dir='ltr'>uiolentia</span> <span class='ocrx_word' id='word_1_176' title='bbox 1584 3295 1777 3358; x_wconf 90' lang='lat' dir='ltr'>triste</span> <span class='ocrx_word' id='word_1_177' title='bbox 1810 3296 2074 3358; x_wconf 93' lang='lat' dir='ltr'>leonum</span> 
     </span>
     <span class='ocr_line' id='line_1_27' title="bbox 420 3403 2216 3483; baseline 0.002 -19"><span class='ocrx_word' id='word_1_178' title='bbox 420 3403 766 3466; x_wconf 89' lang='lat' dir='ltr'>seminium</span> <span class='ocrx_word' id='word_1_179' title='bbox 799 3405 1117 3482; x_wconf 88' lang='lat' dir='ltr'>sequitur,</span> <span class='ocrx_word' id='word_1_180' title='bbox 1149 3406 1380 3483; x_wconf 90' lang='lat' dir='ltr'>uolpes</span> <span class='ocrx_word' id='word_1_181' title='bbox 1410 3406 1619 3483; x_wconf 78' lang='lat' dir='ltr'>doluS,</span> <span class='ocrx_word' id='word_1_182' title='bbox 1653 3413 1717 3468; x_wconf 89' lang='lat' dir='ltr'>et</span> <span class='ocrx_word' id='word_1_183' title='bbox 1750 3405 1915 3483; x_wconf 82' lang='lat' dir='ltr'>fuga</span> <span class='ocrx_word' id='word_1_184' title='bbox 1944 3409 2216 3468; x_wconf 70' lang='lat' dir='ltr'>ceruos?</span> 
     </span>
    </p>

    <p class='ocr_par' dir='ltr' id='par_1_9' title="bbox 341 3514 2734 3922">
     <span class='ocr_line' id='line_1_28' title="bbox 341 3514 2167 3593; baseline 0.001 -17"><span class='ocrx_word' id='word_1_185' title='bbox 341 3535 459 3576; x_wconf 92' lang='lat' dir='ltr'>—a</span> <span class='ocrx_word' id='word_1_186' title='bbox 488 3514 796 3591; x_wconf 90' lang='lat' dir='ltr'>patribus</span> <span class='ocrx_word' id='word_1_187' title='bbox 827 3514 1028 3577; x_wconf 88' lang='lat' dir='ltr'>datur</span> <span class='ocrx_word' id='word_1_188' title='bbox 1061 3521 1125 3577; x_wconf 89' lang='lat' dir='ltr'>et</span> <span class='ocrx_word' id='word_1_189' title='bbox 1156 3514 1418 3592; x_wconf 88' lang='lat' dir='ltr'>patrius</span> <span class='ocrx_word' id='word_1_190' title='bbox 1448 3535 1663 3593; x_wconf 89' lang='lat' dir='ltr'>pauor</span> <span class='ocrx_word' id='word_1_191' title='bbox 1694 3515 1932 3578; x_wconf 89' lang='lat' dir='ltr'>incitat</span> <span class='ocrx_word' id='word_1_192' title='bbox 1963 3522 2167 3579; x_wconf 75' lang='lat' dir='ltr'>artus</span> 
     </span>
     <span class='ocr_line' id='line_1_29' title="bbox 424 3623 2181 3702; baseline 0.002 -17"><span class='ocrx_word' id='word_1_193' title='bbox 424 3630 486 3686; x_wconf 83' lang='lat' dir='ltr'>et</span> <span class='ocrx_word' id='word_1_194' title='bbox 511 3623 646 3687; x_wconf 90' lang='lat' dir='ltr'>iam</span> <span class='ocrx_word' id='word_1_195' title='bbox 672 3630 888 3687; x_wconf 87' lang='lat' dir='ltr'>cetera</span> <span class='ocrx_word' id='word_1_196' title='bbox 915 3625 996 3686; x_wconf 95' lang='lat' dir='ltr'>de</span> <span class='ocrx_word' id='word_1_197' title='bbox 1026 3644 1260 3702; x_wconf 88' lang='lat' dir='ltr'>genere</span> <span class='ocrx_word' id='word_1_198' title='bbox 1289 3625 1429 3700; x_wconf 90' lang='lat' dir='ltr'>hoc,</span> <span class='ocrx_word' id='word_1_199' title='bbox 1461 3639 1578 3687; x_wconf 89' lang='lat' dir='ltr'>cur</span> <span class='ocrx_word' id='word_1_200' title='bbox 1610 3625 1829 3688; x_wconf 89' lang='lat' dir='ltr'>omnia</span> <span class='ocrx_word' id='word_1_201' title='bbox 1855 3625 2181 3688; x_wconf 88' lang='lat' dir='ltr'>membris·</span> 
     </span>
     <span class='ocr_line' id='line_1_30' title="bbox 421 3733 2734 3812; baseline 0.002 -18"><span class='ocrx_word' id='word_1_202' title='bbox 421 3752 499 3796; x_wconf 87' lang='lat' dir='ltr'>ex</span> <span class='ocrx_word' id='word_1_203' title='bbox 525 3733 797 3797; x_wconf 91' lang='lat' dir='ltr'>ineunte</span> <span class='ocrx_word' id='word_1_204' title='bbox 828 3754 993 3797; x_wconf 93' lang='lat' dir='ltr'>aeuo</span> <span class='ocrx_word' id='word_1_205' title='bbox 1018 3739 1454 3812; x_wconf 85' lang='lat' dir='ltr'>generascunt</span> <span class='ocrx_word' id='word_1_206' title='bbox 1484 3734 1896 3812; x_wconf 88' lang='lat' dir='ltr'>ingenioque,</span> <span class='ocrx_word' id='word_1_207' title='bbox 1980 3755 1983 3760; x_wconf 89' lang='lat'>·</span> <span class='ocrx_word' id='word_1_208' title='bbox 2108 3747 2113 3752; x_wconf 87' lang='lat'>&#39;</span> <span class='ocrx_word' id='word_1_209' title='bbox 2632 3734 2734 3783; x_wconf 84' lang='lat'>745</span> 
     </span>
     <span class='ocr_line' id='line_1_31' title="bbox 423 3842 1911 3922; baseline 0.001 -18"><span class='ocrx_word' id='word_1_210' title='bbox 423 3842 476 3904; x_wconf 92' lang='lat' dir='ltr'>si</span> <span class='ocrx_word' id='word_1_211' title='bbox 505 3864 658 3920; x_wconf 91' lang='lat' dir='ltr'>non,</span> <span class='ocrx_word' id='word_1_212' title='bbox 691 3850 872 3906; x_wconf 88' lang='lat' dir='ltr'>certa</span> <span class='ocrx_word' id='word_1_213' title='bbox 901 3863 1022 3905; x_wconf 91' lang='lat' dir='ltr'>suo</span> <span class='ocrx_word' id='word_1_214' title='bbox 1051 3843 1208 3921; x_wconf 89' lang='lat' dir='ltr'>quia</span> <span class='ocrx_word' id='word_1_215' title='bbox 1237 3843 1479 3906; x_wconf 89' lang='lat' dir='ltr'>semine</span> <span class='ocrx_word' id='word_1_216' title='bbox 1511 3843 1911 3922; x_wconf 89' lang='lat' dir='ltr'>seminioque</span> 
     </span>
    </p>
   </div>
   <div class='ocr_carea' id='block_1_3' title="bbox 445 3975 1030 4174">
    <p class='ocr_par' dir='ltr' id='par_1_10' title="bbox 445 3975 1030 4174">
     <span class='ocr_line' id='line_1_32' title="bbox 445 3975 797 4040; baseline 0.003 -17"><span class='ocrx_word' id='word_1_217' title='bbox 445 3975 474 4023; x_wconf 86' lang='lat'>7</span> <span class='ocrx_word' id='word_1_218' title='bbox 478 3975 546 4024; x_wconf 87' lang='lat'>34</span> <span class='ocrx_word' id='word_1_219' title='bbox 563 3977 797 4040; x_wconf 86' lang='lat' dir='ltr'>contage</span> 
     </span>
     <span class='ocr_line' id='line_1_33' title="bbox 447 4043 689 4094; baseline 0 -2"><span class='ocrx_word' id='word_1_220' title='bbox 447 4043 544 4092; x_wconf 85' lang='grc'>736</span> <span class='ocrx_word' id='word_1_221' title='bbox 565 4059 689 4094; x_wconf 89' lang='lat' dir='ltr'>cum</span> 
     </span>
     <span class='ocr_line' id='line_1_34' title="bbox 447 4111 1030 4174; baseline 0 -14"><span class='ocrx_word' id='word_1_222' title='bbox 447 4111 544 4160; x_wconf 81' lang='lat'>740</span> <span class='ocrx_word' id='word_1_223' title='bbox 563 4111 708 4174; x_wconf 64' lang='grc' dir='ltr'><strong><em>ναῖς.</em></strong></span> <span class='ocrx_word' id='word_1_224' title='bbox 741 4125 1030 4160; x_wconf 85' lang='lat' dir='ltr'>consensus</span> 
     </span>
    </p>
   </div>
   <div class='ocr_carea' id='block_1_4' title="bbox 1413 4212 1560 4264">
    <p class='ocr_par' dir='ltr' id='par_1_11' title="bbox 1413 4212 1560 4264">
     <span class='ocr_line' id='line_1_35' title="bbox 1413 4212 1560 4264; baseline 0.007 -10"><span class='ocrx_word' id='word_1_225' title='bbox 1413 4212 1560 4264; x_wconf 90' lang='lat'>[105]</span> 
     </span>
    </p>
   </div>
  </div>
 </body>
</html>
