3182 4602
1189 424 1250 472 Τ.
1275 423 1613 474 -LVGRETI
1649 423 1827 474 CARI
1872 451 1877 460 ·
1920 455 1928 463 ·

444 717 797 781 Praeterea
832 739 1038 796 genus
1070 721 1435 782 humanum
1465 728 1815 798 mutaeque
1848 727 2155 785 natantes
2236 791 2239 794 ,

443 827 934 905 squamigerum
968 831 1251 906 pecudes
1286 837 1348 893 et
1383 831 1558 896 laeta
1591 838 1893 903 armenta
1927 831 2238 908 feraeque

444 943 508 999 et
538 937 765 1000 uariae
797 939 1098 1001 uolucres
1126 939 1448 1002 laetantia
1473 961 1644 1028 *quae
1676 941 1817 1003 loca
1848 961 2170 1026 aquarum

443 1048 901 1111 concelebrant
933 1049 1180 1112 circum
1214 1049 1398 1127 ripas
1431 1050 1767 1128 fontisque
1800 1051 2131 1127 lacusque,
2655 1047 2759 1096 345

443 1162 507 1219 et
544 1177 710 1234 quae
745 1159 1142 1236 peruolgant
1175 1179 1443 1222 nemora
1479 1160 1637 1222 auia
1671 1159 2166 1237 peruolitantes,

356 1287 724 1344 —quorum
760 1288 970 1330 unum
1006 1269 1288 1345 quoduis
1326 1269 1690 1346 generatim
1726 1290 1981 1344 sumere
2018 1290 2243 1348 perge„

442 1376 738 1438 inuenies
770 1385 991 1439 tamen
1025 1378 1199 1440 inter
1233 1399 1298 1442 se
1333 1379 1603 1441 differre
1635 1378 1887 1456 figuris,

439 1507 558 1548 nec
588 1487 844 1550 ratione
877 1487 1008 1550 alia
1038 1489 1255 1565 proles
1286 1509 1669 1566 cognoscere
1699 1494 1979 1551 matrem

440 1616 558 1660 nec
588 1604 800 1660 mater
833 1603 1048 1675 posset
1082 1599 1366 1675 prolem;
1402 1598 1577 1675 quod
1612 1619 1797 1676 posse
1830 1598 2133 1661 uidemus
2653 1596 2755 1645 350

440 1726 558 1769 nec
589 1707 812 1769 minus
843 1713 1039 1784 atque
1071 1708 1365 1770 homines
1397 1708 1572 1771 inter
1604 1728 1670 1770 se
1703 1714 1859 1770 nota
1894 1708 2129 1770 cluere.

354 1835 592 1878 —snam
619 1836 812 1895 saepe
841 1823 993 1879 ante
1022 1819 1217 1879 deum
1244 1818 1500 1880 uitulus
1528 1814 1805 1880 delubra
1832 1819 2069 1880 decora

438 1925 828 1989 turicremas
857 1919 1132 2005 propter
1160 1933 1487 1989 mactatus
1517 1927 1804 1989 concidit
1834 1935 1983 1990 aras

439 2035 783 2112 sanguinis
811 2037 1155 2114 exspirans
1188 2037 1476 2098 calidum
1509 2038 1588 2098 de
1624 2044 1884 2119 pectore
1905 2037 2182 2099 flumen.

439 2151 508 2206 at
539 2153 751 2208 mater
783 2146 1024 2208 uiridis
1057 2147 1266 2209 saltus
1300 2148 1529 2208 orbata
1565 2141 1936 2224 peragrans*
2651 2144 2754 2193 355

439 2255 650 2318 concit
685 2255 870 2318 humi
906 2256 1184 2335 pedibus
1218 2257 1503 2335 uestigia
1533 2276 1758 2335 pressa
1793 2255 2079 2333 bisulciS,

437 2366 654 2428 omnia
687 2366 1030 2429 conuisens
1063 2366 1267 2429 oculis
1297 2368 1439 2429 loca
1470 2366 1524 2428 si
1557 2372 1754 2444 queat
1786 2388 2065 2443 usquam

438 2476 809 2553 conspicere
846 2476 1156 2538 amissum
1193 2476 1425 2552 fetum,
1464 2478 1873 2554 completque
1906 2472 2218 2553 'querellis

437 2584 889 2648 frondiferum
919 2606 1149 2648 nemus
1184 2586 1506 2648 adsistens
1541 2593 1605 2648 et
1639 2587 1870 2649 crebra
1902 2586 2136 2649 reuisit

436 2695 520 2756 ad
556 2696 892 2757 stabulum
927 2696 1251 2757 desiderio
1287 2695 1538 2773 perfixa
1575 2695 1859 2758 iuuenci.
1898 2778 1902 2785 .
2167 2675 2171 2683 ¹
2648 2694 2750 2743 360

434 2824 551 2866 nec
580 2810 845 2867 tenerae
875 2804 1104 2867 salices
1135 2812 1332 2882 atque
1360 2806 1599 2867 herbae
1630 2825 1777 2867 rore
1807 2796 2131 2895 uigentes

433 2913 837 2991 fluminaque
869 2914 984 2977 illa
1016 2898 1278 2992 queunt*
1298 2915 1568 2977 summis
1598 2915 1893 2977 labentia
1920 2896 2087 2993 ripis

434 3023 757 3086 oblectare
797 3024 1089 3087 animum
1125 3024 1538 3101 subitamque
1576 3032 1875 3088 auertere
1912 3010 2158 3101 curam,

433 3154 551 3196 nec
584 3133 954 3196 uitulorum
989 3134 1156 3197 aliae
1191 3134 1436 3212 species
1469 3155 1588 3212 per
1624 3135 1869 3212 pabula
1904 3134 2077 3197 laeta

434 3244 739 3306 deriuare
778 3251 1029 3321 queunt
1069 3244 1362 3306 animum
1399 3263 1687 3321 curaque
1724 3244 1965 3309 leuare.
2646 3242 2749 3291 365

431 3373 638 3430 usque
675 3354 836 3416 adeo
873 3353 1189 3431 quiddam
1226 3354 1573 3432 proprium
1608 3353 2303 3431 notumquercquirit.
2356 3415 2359 3421 .

431 3469 774 3539 praeterea
805 3463 1018 3524 teneri
1047 3463 1348 3526 tremulis
1381 3484 1529 3525 cum
1558 3462 1830 3527 uocibus
1860 3463 2057 3525 haedi

433 3572 810 3650 cornigeras
841 3580 1089 3635 norunt
1121 3579 1364 3635 matres
1399 3573 1683 3650 agnique
1718 3573 1965 3650 petulci

431 3682 774 3744 balantum
808 3684 1123 3759 pecudes:
1160 3682 1274 3758 ita,
1309 3682 1483 3759 quod
1516 3689 1760 3745 natura
1793 3682 2095 3760 reposcit,

435 3792 519 3853 ad
547 3812 666 3854 sua
695 3792 970 3869 quisque
1001 3792 1141 3855 fere
1170 3793 1546 3854 decurrunt.
1564 3793 1773 3854 ubera
1799 3792 2007 3853 lactis
2643 3791 2745 3840 370

432 3907 761 3977 postremo
797 3902 1078 3979 quoduis
1117 3901 1532 3965 frumentum
1567 3920 1700 3964 non
1736 3907 1958 3963 tamen
1998 3922 2183 3964 omne

455 4008 554 4056 343
576 4008 812 4058 arbusta

454 4076 554 4125 347
574 4076 718 4137 vulg.
753 4076 982 4139 quidvis

453 4145 555 4193 356
575 4145 720 4205 vuly.
749 4143 926 4193 noscit
1440 4211 1552 4262 [51]
1624 4191 1653 4202 ,.
