3182 4602
1217 325 1275 374 T.
1315 324 1554 374 LVGRE
1561 325 1640 374 TI
1675 323 1854 375 CARI

473 540 587 602 sed
615 545 734 602 tua
761 559 862 602 me
888 539 1110 603 uirtus
1136 546 1355 602 tamen
1385 547 1448 603 et
1478 545 1745 618 sperata
1773 539 2087 617 uoluptas

473 648 699 712 suauis
730 649 1055 713 amicitiae
1086 650 1384 728 quemuis
1416 650 1650 713 efferre
1678 650 1967 713 laborem

473 759 708 822 suadet
739 765 803 822 et
833 759 1090 823 inducit
1123 766 1344 823 noctes
1374 759 1657 837 uigilare
1687 779 1950 822 serenas

475 875 895 945 quaerentem
926 869 1124 932 dictis
1155 869 1393 946 quibus
1422 876 1486 931 et
1518 888 1651 946 quo
1679 868 1967 932 carmine
2001 867 2263 931 demum

422 973 428 982 ’
475 979 654 1042 clara
683 985 837 1042 tuae
870 978 1109 1057 possim
1140 973 1596 1056 praepandere
1625 978 1881 1042 lumina
1910 977 2135 1053 menti,

474 1108 578 1151 res
611 1087 849 1165 quibus
881 1088 1169 1150 occultas
1200 1088 1467 1165 penitus
1499 1087 1837 1151 conuisere
1870 1086 2131 1166 possis.)

386 1199 648 1261 —hunc
684 1197 894 1275 igitur
928 1203 1246 1260 terrorem
1283 1197 1486 1260 animi
1521 1198 1956 1274 tenebrasque
1991 1202 2312 1260 necessest

474 1327 605 1370 non
635 1307 808 1370 radii
839 1307 992 1369 solis
1021 1327 1231 1384 neque
1260 1307 1484 1370 lucida
1511 1308 1645 1370 tela
1676 1306 1807 1369 diei

475 1417 856 1493 discutiant,
893 1418 1006 1480 sed
1039 1424 1322 1480 naturae
1356 1416 1604 1494 species
1639 1415 1958 1494 ratioque.

476 1782 890 1861 Principium
926 1783 1114 1846 cuius
1147 1782 1302 1845 hinc
1337 1783 1523 1846 nobis
1559 1782 1829 1846 exordia
1865 1788 2095 1857 sumet,

1080 1890 1307 1939 NIHIL
1350 1890 1451 1939 DE
1499 1890 1725 1939 NIHIL
1774 1888 1992 1938 GIGNI

473 1978 728 2040 nullam
762 1998 898 2040 rem
934 1999 967 2040 e
999 1978 1211 2040 nihilo
1243 1977 1428 2055 gigni
1462 1977 1791 2040 diuinitus
1823 1996 2156 2054 umquam.

475 2087 723 2166 quippe
754 2087 851 2151 ita
884 2087 1174 2151 formido
1203 2087 1502 2150 mortalis
1533 2087 1826 2150 continet
1861 2085 2089 2163 omnis,

476 2197 651 2274 quod
681 2198 892 2260 multa
921 2197 991 2259 in
1023 2198 1220 2260 terris
1248 2198 1392 2260 fieri
1423 2197 1727 2274 caeloque
1757 2203 2035 2259 tuentur

476 2327 756 2385 quorum
788 2328 1061 2386 operum
1092 2329 1320 2371 causas
1352 2308 1538 2370 nulla
1570 2307 1826 2371 ratione
1855 2308 2083 2370 uidere

477 2424 752 2494 possunt
786 2438 860 2480 ac
891 2417 1036 2479 fieri
1066 2418 1298 2480 diuino
1327 2417 1597 2479 numine
1631 2424 1883 2479 rentur.

391 2546 640 2603 —quas
673 2526 750 2588 ob
782 2547 887 2589 res
917 2526 1031 2589 ubi
1062 2527 1426 2590 uiderimus
1459 2527 1555 2588 nil
1590 2547 1775 2605 posse
1807 2526 2017 2590 creari

477 2637 557 2698 de
588 2636 815 2713 nihilo,
849 2643 993 2699 tum
1028 2638 1202 2714 quod
1236 2636 1572 2713 sequimur
1605 2636 1738 2699 iam
1771 2636 2016 2699 rectius
2049 2636 2202 2698 inde

477 2745 965 2824 perspiciemuS,
999 2753 1061 2809 et
1092 2747 1270 2809 unde
1302 2754 1499 2821 queat
1529 2767 1634 2809 res
1666 2767 1961 2824 quaeque
1991 2746 2202 2809 creari

477 2860 540 2916 et
572 2875 701 2932 quo
732 2876 1026 2933 quaeque
1056 2856 1250 2918 modo
1278 2856 1442 2919 fiant
1475 2876 1676 2934 opera
1706 2856 1845 2917 sine
1877 2856 2121 2918 diuom.

601 3050 771 3112 Nam
801 3049 856 3112 si
888 3051 968 3113 de
1000 3050 1210 3112 nihilo
1237 3050 1488 3126 fierent,
1524 3072 1603 3113 ex
1635 3049 1932 3112 omnibu’
1964 3050 2158 3112 rebus
2186 3040 2189 3045 ¹

477 3179 663 3222 omne
697 3179 902 3236 genus
931 3160 1112 3222 nasci
1144 3166 1378 3237 posset,
1411 3160 1508 3221 nil
1538 3159 1781 3222 semine
1814 3166 2050 3237 egeret.

478 3291 511 3332 e
541 3290 720 3332 mare
754 3269 1043 3347 primum
1074 3269 1386 3346 homineS,
1421 3292 1454 3333 e
1485 3277 1669 3333 terra
1701 3276 1917 3347 posset
1951 3268 2111 3331 oriri

477 3378 964 3456 squamigerum
997 3399 1202 3455 genus
1234 3385 1296 3443 et
1327 3380 1630 3441 uolucres
1663 3399 2004 3457 erumpere
2037 3378 2247 3455 caelo;

478 3496 778 3552 armenta
807 3495 1004 3565 atque
1036 3488 1202 3551 aliae
1231 3490 1530 3566 pecudeS,
1564 3509 1770 3566 genus
1800 3509 1987 3551 omne
2020 3487 2335 3564 ferarum,

476 3598 728 3660 incerto
757 3605 958 3676 partu
989 3598 1170 3660 culta
1198 3618 1272 3660 ac
1302 3599 1560 3661 deserta
1588 3604 1908 3660 tenerent.

474 3728 594 3770 nec
629 3707 894 3770 fructus
927 3707 1099 3770 idem
1133 3707 1476 3770 arboribus
1510 3713 1809 3771 constare
1844 3708 2146 3785 solerent,

477 3819 589 3880 sed
617 3824 1060 3893 mutarentur,
1091 3816 1267 3880 ferre
1298 3837 1518 3880 omnes
1547 3816 1765 3880 omnia
1794 3823 2077 3895 possent.

516 3926 885 4005 —Quippe,
921 3926 1036 3989 ubi
1069 3946 1200 3988 non
1235 3934 1448 3989 essent
1483 3926 1801 4004 genitalia
1836 3947 2113 4004 corpora
2147 3926 2403 4004 cuique,

1499 4101 1582 4153 [6]

2687 533 2791 583 140

2688 1082 2793 1132 145

2689 1971 2791 2020 150

2691 2522 2792 2572 156

2690 2852 2790 2901 155

2689 3046 2790 3095 159

2689 3155 2789 3205 160

2691 3705 2793 3755 165
