3182 4602
1161 480 1221 529 T.
1259 479 1585 530 LVGRETI
1622 479 1800 530 CARI

415 713 533 756 nec
563 692 764 756 simili
794 693 1051 757 ratione
1083 714 1385 775 saporem
1415 693 1701 771 denique
1734 713 2128 771 quemquam

415 823 534 866 nec
566 802 787 882 frigus
817 824 1028 882 neque
1061 803 1218 867 item
1252 804 1540 867 calidum
1572 787 2005 884 tepidumque
2036 807 2371 882 uaporem,

416 920 650 990 cetera,
685 933 850 992 quae
882 934 1031 977 cum
1063 913 1159 977 ita
1190 920 1348 976 sunt
1378 921 1601 977 tamen
1631 921 1707 976 ut
1740 913 2047 976 mortalia
2078 918 2377 976 constent

384 1023 598 1099 (molli
629 1023 829 1100 lenta,
862 1022 1131 1101 fragosa
1164 1023 1370 1102 putri,
1406 1044 1571 1086 caua
1604 1042 1875 1101 corpore
1908 1023 2125 1099 raro),
2626 1018 2728 1068 860

414 1133 634 1196 omnia
666 1132 802 1196 sint
836 1154 875 1196 a
909 1133 1260 1213 principiis
1291 1133 1594 1197 seiuncta
1624 1139 1964 1209 necessest,

413 1241 796 1306 inmortalia
827 1243 884 1305 si
914 1243 1222 1306 uolumus
1253 1243 1653 1321 subiungere
1685 1244 1882 1306 rebus

413 1350 854 1416 fundamenta
885 1352 1125 1431 quibus
1154 1353 1415 1417 nitatur
1446 1373 1702 1416 summa
1734 1352 1988 1428 salutis,

413 1482 494 1526 ne
528 1461 654 1524 tibi
688 1483 792 1526 res
827 1464 1102 1526 redeant
1136 1464 1219 1526 ad
1257 1463 1469 1525 nilum
1506 1457 1820 1525 funditus
1855 1481 2093 1525 omnes,

471 1783 476 1788 ,
883 1729 984 1779 DE
1032 1728 1425 1780 INSENSILI
1473 1728 1794 1779 SENSILE
1844 1727 2064 1778 GIGNI

536 1816 730 1880 Nunc
763 1813 842 1881 ea
872 1838 1039 1895 quae
1070 1818 1314 1881 sentire
1345 1817 1654 1882 uidemus
1684 1838 1960 1895 cumque
1991 1823 2313 1880 necessest
2516 1883 2525 1896 ,
2625 1813 2729 1864 865

413 1946 491 1988 ex
521 1926 944 1990 insensilibus
973 1934 1195 1991 tamen
1227 1927 1447 1991 omnia
1480 1927 1831 1990 confiteare

412 2035 764 2115 principiis
792 2044 1110 2100 constare.
1185 2058 1396 2114 neque
1427 2037 1498 2099 id
1528 2036 1907 2100 manufesta
1940 2035 2245 2099 refutant

412 2166 529 2209 nec
558 2153 794 2210 contra
821 2152 1146 2225 pugnant,
1177 2147 1249 2209 in
1279 2153 1597 2226 promptu
1626 2146 1891 2225 cognita
1921 2166 2087 2224 quae
2116 2152 2292 2223 sunt,
2334 2223 2339 2228 ἡ

411 2257 524 2320 sed
552 2256 762 2336 magis
789 2256 936 2335 ipsa
964 2277 1167 2322 manu
1197 2258 1452 2321 ducunt
1482 2263 1547 2321 et
1579 2257 1844 2321 credere
1875 2263 2119 2335 cogunt

411 2387 490 2428 ex
519 2366 960 2444 insensilibus,
994 2368 1171 2445 quod
1203 2367 1366 2444 dico,
1401 2367 1715 2430 animalia
1747 2366 1952 2446 gigni.
2623 2363 2726 2413 870

411 2476 658 2555 quippe
693 2477 924 2541 uidere
961 2476 1116 2541 licet
1151 2477 1343 2540 uiuos
1380 2477 1659 2540 existere
1696 2497 1953 2540 uermes

409 2593 692 2650 stercore
729 2588 809 2650 de
845 2592 1079 2664 taetro,
1117 2593 1423 2665 putorem
1458 2607 1608 2650 cum
1644 2586 1769 2649 sibi
1805 2593 2002 2650 nacta
2039 2591 2137 2648 est

409 2696 895 2775 intempestiuis
929 2717 1009 2759 ex
1042 2696 1362 2759 imbribus
1395 2696 1628 2760 umida
1657 2696 1874 2759 tellus.

407 2813 754 2884 praeterea
784 2813 1055 2870 cunctas
1087 2806 1319 2870 itidem
1352 2826 1455 2869 res
1486 2812 1749 2869 uertere
1782 2826 1949 2869 sese:

409 2923 688 2979 uertunt
715 2935 781 2979 se
813 2915 1006 2980 fluuii
1036 2915 1313 2979 frondes
1340 2923 1405 2979 et
1436 2916 1684 2994 pabula
1714 2916 1889 2979 laeta
2622 2912 2725 2964 875

409 3025 479 3087 in
512 3026 815 3104 pecudeS,
849 3032 1131 3089 uertunt
1160 3026 1444 3104 pecudes
1475 3025 1547 3087 in
1581 3045 1861 3103 corpora
1891 3032 2121 3088 nostra

409 3142 740 3212 naturam,
772 3141 837 3197 et
867 3142 1096 3198 nostro
1125 3137 1206 3198 de
1238 3155 1510 3213 corpore
1542 3155 1735 3213 saepe
1769 3134 2069 3198 ferarum

408 3241 773 3324 augescunt
804 3244 982 3308 uires
1017 3252 1081 3309 et
1115 3265 1392 3323 corpora
1426 3245 1998 3323 pennipotentum.

326 3374 564 3433 —ergo
595 3374 816 3418 omnes
845 3361 1093 3418 natura
1123 3354 1298 3418 cibos
1329 3355 1401 3415 in
1432 3374 1711 3434 corpora
1740 3354 1905 3417 uiua

407 3464 615 3528 uertit
648 3469 714 3527 et
745 3463 901 3527 hinc
935 3484 1162 3527 sensus
1196 3464 1610 3527 animantum
1646 3471 1952 3543 procreat
1986 3483 2226 3541 omnes,
2621 3460 2723 3511 880

409 3594 540 3637 non
575 3574 707 3637 alia
741 3574 931 3651 longe
965 3574 1221 3637 ratione
1255 3581 1453 3651 atque
1488 3573 1680 3637 arida
1712 3573 1897 3651 ligna

408 3684 696 3761 explicat
727 3683 799 3745 in
833 3683 1127 3747 flammas
1162 3690 1226 3746 et
1271 3683 1491 3756 <in>
1535 3683 1709 3761 ignis
1744 3682 1963 3746 omnia
1995 3690 2239 3747 uersat.

325 3792 623 3856 —iamne
652 3792 844 3855 uides
871 3792 1080 3871 igitur
1109 3792 1334 3871 magni
1365 3792 1734 3871 primordia
1763 3813 1987 3856 rerum

407 3902 661 3966 referre
691 3902 763 3964 in
792 3902 974 3979 quali
1003 3902 1137 3966 sint
1168 3902 1398 3966 ordine
1429 3923 1725 3980 quaeque
1754 3902 1969 3965 locata

409 4018 472 4074 et
503 4011 856 4075 commixta
886 4011 1123 4089 quibus
1155 4012 1314 4074 dent
1345 4018 1564 4075 motus
1595 4010 2097 4090 accipiantque?
2152 4090 2156 4095 Ι
2249 4079 2253 4086 ,
2620 4008 2723 4057 885

447 4122 706 4183 —Tum
737 4140 938 4198 porro
967 4120 1127 4198 quid
1160 4120 1229 4183 id
1264 4128 1360 4183 est
1393 4121 1688 4184 animum
1722 4120 1897 4198 quod
1931 4121 2222 4199 percutit
2254 4119 2492 4198 ipsum,

1417 4259 1530 4311 [69]
