3182 4602
1170 340 1232 411 ’1.
1273 362 1600 414 LVGRETI
1640 361 1818 413 CARI

425 574 661 652 omnia,
697 576 873 653 quod
905 576 1210 654 contrita,
1247 578 1422 654 quod
1456 576 1598 655 igni
1630 576 2115 653 conlabefacta)
2146 602 2160 639 ι

424 684 661 746 deinde
693 684 923 747 uidere
957 686 1112 749 licet
1145 686 1506 749 maioribus
1537 706 1671 749 esse
1707 693 2003 750 creatum

423 793 774 872 principiis
809 814 1007 872 quam
1036 815 1187 873 uox,
1223 796 1534 873 quoniam
1568 817 1688 874 per
1720 816 1916 859 saxea
1945 802 2176 874 saepta

423 923 555 965 non
588 910 914 982 penetrat,
928 886 1080 983 'qua
1108 925 1243 967 uox
1270 906 1468 983 uolgo
1495 905 1880 983 sonitusque
1913 905 2248 968 feruntur.
2546 956 2549 961 .
2636 901 2737 951 700

339 1034 628 1091 —quare
657 1014 857 1077 etiam
885 1015 1061 1092 quod
1092 1015 1223 1078 olet
1248 1035 1382 1078 non
1408 1021 1547 1078 tam
1577 1015 1775 1078 facile
1803 1034 1937 1079 esse
1965 1014 2223 1078 uidebis
2249 1018 2253 1023 ’

424 1122 826 1201 inuestigare
862 1123 935 1185 in
971 1144 1104 1202 qua
1138 1124 1226 1187 sit
1261 1124 1524 1202 regione
1559 1125 1882 1202 locatum3

423 1232 797 1311 refrigescit
832 1234 1007 1297 enim
1041 1234 1417 1297 cunctando
1449 1234 1652 1311 plaga
1682 1254 1802 1311 per
1838 1254 2053 1310 311133,

415 1348 541 1405 'nec
573 1343 792 1407 calida
821 1344 906 1407 ad
939 1346 1201 1406 sensum
1234 1344 1601 1407 decurrunt
1632 1343 1874 1406 nuntia
1903 1363 2145 1405 rerum.

425 1459 653 1515 errant
682 1473 874 1530 saepe
911 1474 1102 1516 canes
1136 1453 1360 1530 itaque
1397 1458 1460 1516 et
1494 1453 1779 1531 uestigia
1812 1460 2162 1530 quaerunt.
2639 1450 2739 1499 705

556 1728 733 1816 ΙΙΝ66
766 1738 987 1794 tamen
1019 1733 1142 1794 hoc
1175 1732 1329 1821 solis
1363 1732 1436 1794 in
1471 1732 1783 1795 odoribus
1818 1739 2013 1809 atque
2050 1752 2360 1809 saporum

423 1840 493 1901 in
527 1848 845 1918 generest‚
878 1842 991 1906 sed
1023 1841 1181 1905 item
1213 1842 1459 1920 species
1488 1863 1713 1905 rerum
1746 1849 1944 1919 atque
1975 1819 2252 1905 colores·

424 1971 556 2013 non
589 1951 685 2014 ita
719 1951 1125 2014 conueniunt
1159 1953 1244 2015 ad
1277 1972 1502 2013 sensus
1537 1951 1838 2013 omnibus
1872 1971 2111 2028 01111163,

424 2068 500 2124 ut
531 2080 666 2123 non
696 2060 833 2123 sint
862 2061 1010 2124 aliis
1043 2062 1366 2139 quaedam
1396 2060 1609 2139 magis
1640 2061 1820 2125 acria
1849 2061 2048 2125 uisu..

425 2170 587 2247 quin
622 2170 825 2233 etiam·
856 2171 1124 2248 gallum,
1160 2178 1416 2234 noctem
1453 2171 2008 2249 explaudentibus
2044 2171 2167 2234 alis
2637 2168 2738 2218 710

425 2300 732 2344 auroram
765 2281 944 2344 clara
977 2288 1361 2345 consuetum
1392 2300 1552 2345 uoce
1582 2301 1839 2366 uocare,

423 2371 640 2452 noenu
679 2397 930 2468 queunt
967 2391 1191 2468 rapidi
1229 2398 1459 2454 contra
1498 2397 1796 2453 constare
1833 2391 2049 2452 leones

425 2500 623 2577 inque
656 2501 864 2564 tueri:
901 2501 997 2564 ita
1028 2500 1344 2564 continuo
1372 2500 1727 2564 meminere
1757 2486 1967 2577 fugai,

424 2609 740 2673 nimirum
771 2610 931 2687 quia
957 2615 1114 2672 sunt
1145 2611 1470 2688 gallorum
1500 2610 1571 2671 in
1603 2630 1873 2687 corpore
1907 2611 2228 2686 quaedam

425 2719 690 2796 semina,
724 2740 891 2797 quae
921 2741 1071 2782 cum
1100 2727 1259 2783 sunt
1287 2719 1490 2782 oculis
1520 2699 1792 2782 inmissa
1818 2720 2099 2796 leonum,
2637 2717 2739 2766 715

425 2829 717 2907 pupillas
752 2829 1203 2893 interfodiunt
1239 2849 1582 2906 acremque
1617 2830 1908 2892 dolorem

426 2940 763 3017 praebent,
796 2946 874 3002 ut
901 2946 1233 3017 nequeant
1265 2946 1494 3022 contra
1525 2940 1770 3002 durare
1802 2939 2086 3015 feroces3

427 3069 574 3111 cum
606 3055 828 3112 tamen
855 3051 1017 3112 haec
1050 3055 1308 3112 nostras
1341 3049 1510 3112 acies
1542 3049 1641 3110 nil
1671 3048 1929 3111 laedere
1963 3049 2235 3127 possint,

429 3163 543 3220 aut
577 3159 735 3235 quia
766 3179 900 3221 non
931 3165 1286 3236 penetrant
1320 3166 1436 3223 aut
1471 3159 1645 3237 quod
1680 3157 2185 3251 penetrantibus
2220 3159 2351 3222 illis

429 3268 640 3331 exitus
670 3290 750 3332 ex
779 3268 985 3330 0611113
1011 3267 1178 3330 liber
1208 3269 1427 3345 datur,
1460 3268 1531 3329 in
1559 3269 1952 3331 remorando
2639 3265 2738 3315 720

429 3377 681 3440 laedere
714 3398 795 3441 ne
827 3377 1083 3455 possint
1114 3398 1192 3439 ex
1222 3378 1362 3440 ulla
1391 3378 1648 3441 lumina
1679 3373 1933 3462 parte.}{

1167 3738 1268 3788 DE
1309 3738 1550 3788 ANIMI
1594 3738 1808 3790 MOTV

551 3828 746 3890 Nunc
777 3848 894 3905 age
925 3847 1090 3904 quae
1118 3833 1429 3890 moueant
1457 3827 1750 3890 animum
1780 3848 1883 3889 res
1913 3826 2153 3904 accipe,
2182 3834 2246 3890 et
2277 3829 2454 3889 unde

452 3935 549 3982 704
571 3934 706 3996 fort.
741 3935 937 3984 valida

451 4003 549 4052 712
571 4003 714 4063 vulg.
744 4001 926 4052 rabidi
991 4003 1127 4065 fort.
1155 4001 1345 4067 pavidi

449 4070 548 4120 '719
567 4069 676 4120 ilus
740 4071 876 4133 fort.
905 4069 1066 4122 hibus

1436 4140 1586 4192 [130]
1654 4139 1658 4143 '
