<?xml version="1.0" encoding="UTF-8"?>
<!DOCTYPE html PUBLIC "-//W3C//DTD XHTML 1.0 Transitional//EN"
    "http://www.w3.org/TR/xhtml1/DTD/xhtml1-transitional.dtd">
<html xmlns="http://www.w3.org/1999/xhtml" xml:lang="en" lang="en">
 <head>
  <title>
</title>
<meta http-equiv="Content-Type" content="text/html;charset=utf-8" />
  <meta name='ocr-system' content='tesseract 3.04.00' />
  <meta name='ocr-capabilities' content='ocr_page ocr_carea ocr_par ocr_line ocrx_word'/>
</head>
<body>
  <div class='ocr_page' id='page_1' title='image "./lvcretiderervmn00unkngoog_0145.png"; bbox 0 0 3182 4602; ppageno 0'>
   <div class='ocr_carea' id='block_1_1' title="bbox 1121 377 1999 430">
    <p class='ocr_par' dir='ltr' id='par_1_1' title="bbox 1121 377 1999 430">
     <span class='ocr_line' id='line_1_1' title="bbox 1121 377 1999 430; baseline -0.002 -1"><span class='ocrx_word' id='word_1_1' title='bbox 1121 378 1224 429; x_wconf 77' lang='lat' dir='ltr'>DE</span> <span class='ocrx_word' id='word_1_2' title='bbox 1260 378 1525 430; x_wconf 75' lang='lat' dir='ltr'><strong><em>RERVM</em></strong></span> <span class='ocrx_word' id='word_1_3' title='bbox 1561 377 1871 429; x_wconf 75' lang='lat' dir='ltr'>NATVRA</span> <span class='ocrx_word' id='word_1_4' title='bbox 1910 377 1999 427; x_wconf 74' lang='lat'>11⁷</span> 
     </span>
    </p>
   </div>
   <div class='ocr_carea' id='block_1_2' title="bbox 534 592 2851 1329">
    <p class='ocr_par' dir='ltr' id='par_1_2' title="bbox 534 592 2849 891">
     <span class='ocr_line' id='line_1_2' title="bbox 534 592 2762 673; baseline 0.001 -17"><span class='ocrx_word' id='word_1_5' title='bbox 534 601 881 673; x_wconf 82' lang='lat' dir='ltr'>praeterea</span> <span class='ocrx_word' id='word_1_6' title='bbox 911 594 1224 673; x_wconf 86' lang='lat' dir='ltr'>splendor</span> <span class='ocrx_word' id='word_1_7' title='bbox 1256 593 1651 671; x_wconf 82' lang='lat' dir='ltr'>quicumque</span> <span class='ocrx_word' id='word_1_8' title='bbox 1681 601 1778 658; x_wconf 90' lang='lat' dir='ltr'>est</span> <span class='ocrx_word' id='word_1_9' title='bbox 1809 613 1959 657; x_wconf 88' lang='lat' dir='ltr'>acer</span> <span class='ocrx_word' id='word_1_10' title='bbox 1990 592 2216 657; x_wconf 91' lang='lat' dir='ltr'>adurit</span> <span class='ocrx_word' id='word_1_11' title='bbox 2756 654 2762 659; x_wconf 92' lang='lat'>.</span> 
     </span>
     <span class='ocr_line' id='line_1_3' title="bbox 535 696 2849 783; baseline -0.002 -16"><span class='ocrx_word' id='word_1_12' title='bbox 535 723 729 783; x_wconf 81' lang='lat' dir='ltr'>saepe</span> <span class='ocrx_word' id='word_1_13' title='bbox 761 704 982 767; x_wconf 92' lang='lat' dir='ltr'>oculos</span> <span class='ocrx_word' id='word_1_14' title='bbox 1008 703 1157 766; x_wconf 91' lang='lat' dir='ltr'>ideo</span> <span class='ocrx_word' id='word_1_15' title='bbox 1187 704 1363 781; x_wconf 93' lang='lat' dir='ltr'>quod</span> <span class='ocrx_word' id='word_1_16' title='bbox 1391 703 1643 766; x_wconf 91' lang='lat' dir='ltr'>semina</span> <span class='ocrx_word' id='word_1_17' title='bbox 1674 702 1963 782; x_wconf 82' lang='lat' dir='ltr'>possidet</span> <span class='ocrx_word' id='word_1_18' title='bbox 1994 702 2168 781; x_wconf 81' lang='lat' dir='ltr'>ignis</span> <span class='ocrx_word' id='word_1_19' title='bbox 2751 696 2849 745; x_wconf 85' lang='lat'>305</span> 
     </span>
     <span class='ocr_line' id='line_1_4' title="bbox 535 812 2289 891; baseline -0.001 -16"><span class='ocrx_word' id='word_1_20' title='bbox 535 813 766 890; x_wconf 90' lang='lat' dir='ltr'>multa,</span> <span class='ocrx_word' id='word_1_21' title='bbox 795 814 1088 877; x_wconf 91' lang='lat' dir='ltr'>dolorem</span> <span class='ocrx_word' id='word_1_22' title='bbox 1119 812 1324 877; x_wconf 88' lang='lat' dir='ltr'>oculis</span> <span class='ocrx_word' id='word_1_23' title='bbox 1354 833 1521 891; x_wconf 88' lang='lat' dir='ltr'>quae</span> <span class='ocrx_word' id='word_1_24' title='bbox 1552 812 1839 891; x_wconf 80' lang='lat' dir='ltr'>gignunt</span> <span class='ocrx_word' id='word_1_25' title='bbox 1868 812 2289 875; x_wconf 87' lang='lat' dir='ltr'>insinuando.</span> 
     </span>
    </p>

    <p class='ocr_par' dir='ltr' id='par_1_3' title="bbox 536 922 2156 1002">
     <span class='ocr_line' id='line_1_5' title="bbox 536 922 2156 1002; baseline -0.001 -18"><span class='ocrx_word' id='word_1_26' title='bbox 536 922 793 986; x_wconf 85' lang='lat' dir='ltr'>Lurida</span> <span class='ocrx_word' id='word_1_27' title='bbox 823 929 1167 1002; x_wconf 91' lang='lat' dir='ltr'>praeterea</span> <span class='ocrx_word' id='word_1_28' title='bbox 1195 923 1368 985; x_wconf 89' lang='lat' dir='ltr'>flunt</span> <span class='ocrx_word' id='word_1_29' title='bbox 1400 942 1847 1000; x_wconf 91' lang='lat' dir='ltr'>quaecumque</span> <span class='ocrx_word' id='word_1_30' title='bbox 1878 926 2156 985; x_wconf 91' lang='lat' dir='ltr'>tuentur</span> 
     </span>
    </p>

    <p class='ocr_par' dir='ltr' id='par_1_4' title="bbox 538 1031 1957 1112">
     <span class='ocr_line' id='line_1_6' title="bbox 538 1031 1957 1112; baseline -0.001 -18"><span class='ocrx_word' id='word_1_31' title='bbox 538 1031 822 1109; x_wconf 89' lang='lat' dir='ltr'>arquati,</span> <span class='ocrx_word' id='word_1_32' title='bbox 856 1031 1015 1110; x_wconf 88' lang='lat' dir='ltr'>quia</span> <span class='ocrx_word' id='word_1_33' title='bbox 1042 1032 1286 1095; x_wconf 86' lang='lat' dir='ltr'>luroris</span> <span class='ocrx_word' id='word_1_34' title='bbox 1314 1033 1396 1096; x_wconf 93' lang='lat' dir='ltr'>de</span> <span class='ocrx_word' id='word_1_35' title='bbox 1427 1052 1700 1112; x_wconf 91' lang='lat' dir='ltr'>corpore</span> <span class='ocrx_word' id='word_1_36' title='bbox 1731 1051 1957 1095; x_wconf 89' lang='lat' dir='ltr'>eorum</span> 
     </span>
    </p>

    <p class='ocr_par' dir='ltr' id='par_1_5' title="bbox 536 1140 2183 1218">
     <span class='ocr_line' id='line_1_7' title="bbox 536 1140 2183 1218; baseline -0.001 -15"><span class='ocrx_word' id='word_1_37' title='bbox 536 1140 788 1204; x_wconf 88' lang='lat' dir='ltr'>semina</span> <span class='ocrx_word' id='word_1_38' title='bbox 815 1142 1027 1205; x_wconf 89' lang='lat' dir='ltr'>multa</span> <span class='ocrx_word' id='word_1_39' title='bbox 1058 1141 1277 1205; x_wconf 91' lang='lat' dir='ltr'>fluunt</span> <span class='ocrx_word' id='word_1_40' title='bbox 1310 1141 1682 1205; x_wconf 82' lang='lat' dir='ltr'>simulacris</span> <span class='ocrx_word' id='word_1_41' title='bbox 1713 1140 1909 1204; x_wconf 89' lang='lat' dir='ltr'>obuia</span> <span class='ocrx_word' id='word_1_42' title='bbox 1940 1160 2183 1218; x_wconf 88' lang='lat' dir='ltr'>rerum,</span> 
     </span>
    </p>

    <p class='ocr_par' dir='ltr' id='par_1_6' title="bbox 536 1246 2851 1329">
     <span class='ocr_line' id='line_1_8' title="bbox 536 1246 2851 1329; baseline 0 -17"><span class='ocrx_word' id='word_1_43' title='bbox 536 1250 876 1327; x_wconf 90' lang='lat' dir='ltr'>multaque</span> <span class='ocrx_word' id='word_1_44' title='bbox 901 1256 1058 1312; x_wconf 89' lang='lat' dir='ltr'>sunt</span> <span class='ocrx_word' id='word_1_45' title='bbox 1086 1250 1291 1313; x_wconf 88' lang='lat' dir='ltr'>oculis</span> <span class='ocrx_word' id='word_1_46' title='bbox 1318 1250 1389 1312; x_wconf 94' lang='lat' dir='ltr'>in</span> <span class='ocrx_word' id='word_1_47' title='bbox 1417 1271 1643 1315; x_wconf 88' lang='lat' dir='ltr'>eorum</span> <span class='ocrx_word' id='word_1_48' title='bbox 1672 1250 1955 1329; x_wconf 90' lang='lat' dir='ltr'>denique</span> <span class='ocrx_word' id='word_1_49' title='bbox 1982 1250 2209 1327; x_wconf 87' lang='lat' dir='ltr'>mixta,</span> <span class='ocrx_word' id='word_1_50' title='bbox 2752 1246 2851 1329; x_wconf 72' lang='lat'>319</span> 
     </span>
    </p>
   </div>
   <div class='ocr_carea' id='block_1_3' title="bbox 537 1360 2162 1438">
    <p class='ocr_par' dir='ltr' id='par_1_7' title="bbox 537 1360 2162 1438">
     <span class='ocr_line' id='line_1_9' title="bbox 537 1360 2162 1438; baseline 0 -17"><span class='ocrx_word' id='word_1_51' title='bbox 537 1379 704 1437; x_wconf 89' lang='lat' dir='ltr'>quae</span> <span class='ocrx_word' id='word_1_52' title='bbox 739 1366 1013 1437; x_wconf 82' lang='lat' dir='ltr'>contage</span> <span class='ocrx_word' id='word_1_53' title='bbox 1046 1379 1167 1423; x_wconf 88' lang='lat' dir='ltr'>sua</span> <span class='ocrx_word' id='word_1_54' title='bbox 1201 1360 1578 1438; x_wconf 75' lang='lat' dir='ltr'>palloribus·</span> <span class='ocrx_word' id='word_1_55' title='bbox 1600 1360 1820 1423; x_wconf 92' lang='lat' dir='ltr'>omnia</span> <span class='ocrx_word' id='word_1_56' title='bbox 1842 1360 2162 1438; x_wconf 82' lang='lat' dir='ltr'>pingunt.</span> 
     </span>
    </p>
   </div>
   <div class='ocr_carea' id='block_1_4' title="bbox 452 1465 2753 1615">
    <p class='ocr_par' dir='ltr' id='par_1_8' title="bbox 452 1465 2753 1615">
     <span class='ocr_line' id='line_1_10' title="bbox 452 1465 2753 1532; baseline -0 -16"><span class='ocrx_word' id='word_1_57' title='bbox 452 1466 556 1517; x_wconf 81' lang='lat' dir='ltr'>EX</span> <span class='ocrx_word' id='word_1_58' title='bbox 603 1466 981 1517; x_wconf 84' lang='lat' dir='ltr'>TENEBRIS</span> <span class='ocrx_word' id='word_1_59' title='bbox 1019 1467 1105 1516; x_wconf 90' lang='lat' dir='ltr'>IN</span> <span class='ocrx_word' id='word_1_60' title='bbox 1151 1467 1348 1517; x_wconf 85' lang='lat' dir='ltr'><strong>LVCE</strong></span> <span class='ocrx_word' id='word_1_61' title='bbox 1400 1467 1607 1532; x_wconf 81' lang='lat' dir='ltr'><strong>QVAE</strong></span> <span class='ocrx_word' id='word_1_62' title='bbox 1652 1466 1829 1517; x_wconf 75' lang='lat' dir='ltr'>SINT</span> <span class='ocrx_word' id='word_1_63' title='bbox 1874 1466 2146 1516; x_wconf 83' lang='lat' dir='ltr'><strong>VIDERI</strong></span> <span class='ocrx_word' id='word_1_64' title='bbox 2190 1466 2286 1516; x_wconf 84' lang='grc' dir='ltr'>ΕΤ</span> <span class='ocrx_word' id='word_1_65' title='bbox 2332 1465 2600 1515; x_wconf 81' lang='lat' dir='ltr'><strong>RVSVM</strong></span> <span class='ocrx_word' id='word_1_66' title='bbox 2645 1465 2753 1515; x_wconf 83' lang='lat' dir='ltr'>EX</span> 
     </span>
     <span class='ocr_line' id='line_1_11' title="bbox 621 1548 2576 1615; baseline 0 -16"><span class='ocrx_word' id='word_1_67' title='bbox 621 1550 817 1600; x_wconf 88' lang='lat' dir='ltr'><strong>LVCE</strong></span> <span class='ocrx_word' id='word_1_68' title='bbox 849 1549 1054 1615; x_wconf 79' lang='lat' dir='ltr'>QVAE</span> <span class='ocrx_word' id='word_1_69' title='bbox 1086 1550 1284 1600; x_wconf 81' lang='lat' dir='ltr'>SVNT</span> <span class='ocrx_word' id='word_1_70' title='bbox 1318 1551 1405 1600; x_wconf 87' lang='lat' dir='ltr'>IN</span> <span class='ocrx_word' id='word_1_71' title='bbox 1437 1549 1816 1601; x_wconf 78' lang='lat' dir='ltr'>TENEBRIS</span> <span class='ocrx_word' id='word_1_72' title='bbox 1849 1550 2121 1600; x_wconf 84' lang='lat' dir='ltr'><strong>VIDERI</strong></span> <span class='ocrx_word' id='word_1_73' title='bbox 2152 1548 2314 1601; x_wconf 87' lang='lat' dir='ltr'>NON</span> <span class='ocrx_word' id='word_1_74' title='bbox 2344 1548 2576 1599; x_wconf 80' lang='lat' dir='ltr'>POSSE</span> 
     </span>
    </p>
   </div>
   <div class='ocr_carea' id='block_1_5' title="bbox 535 1637 2855 2812">
    <p class='ocr_par' dir='ltr' id='par_1_9' title="bbox 537 1637 2134 1714">
     <span class='ocr_line' id='line_1_12' title="bbox 537 1637 2134 1714; baseline -0.001 -15"><span class='ocrx_word' id='word_1_75' title='bbox 537 1637 595 1699; x_wconf 81' lang='lat' dir='ltr'>E</span> <span class='ocrx_word' id='word_1_76' title='bbox 629 1637 918 1700; x_wconf 88' lang='lat' dir='ltr'>tenebris</span> <span class='ocrx_word' id='word_1_77' title='bbox 951 1644 1170 1701; x_wconf 91' lang='lat' dir='ltr'>autem</span> <span class='ocrx_word' id='word_1_78' title='bbox 1203 1657 1370 1714; x_wconf 91' lang='lat' dir='ltr'>quae</span> <span class='ocrx_word' id='word_1_79' title='bbox 1401 1643 1559 1701; x_wconf 89' lang='lat' dir='ltr'>sunt</span> <span class='ocrx_word' id='word_1_80' title='bbox 1589 1638 1661 1699; x_wconf 93' lang='lat' dir='ltr'>in</span> <span class='ocrx_word' id='word_1_81' title='bbox 1692 1637 1837 1700; x_wconf 92' lang='lat' dir='ltr'>luce</span> <span class='ocrx_word' id='word_1_82' title='bbox 1866 1644 2134 1699; x_wconf 83' lang='lat' dir='ltr'>tuemur</span> 
     </span>
    </p>

    <p class='ocr_par' dir='ltr' id='par_1_10' title="bbox 537 1746 2068 1825">
     <span class='ocr_line' id='line_1_13' title="bbox 537 1746 2068 1825; baseline 0.001 -18"><span class='ocrx_word' id='word_1_83' title='bbox 537 1753 891 1825; x_wconf 89' lang='lat' dir='ltr'>propterea</span> <span class='ocrx_word' id='word_1_84' title='bbox 923 1746 1098 1824; x_wconf 88' lang='lat' dir='ltr'>quia,</span> <span class='ocrx_word' id='word_1_85' title='bbox 1132 1768 1281 1810; x_wconf 93' lang='lat' dir='ltr'>cum</span> <span class='ocrx_word' id='word_1_86' title='bbox 1314 1747 1586 1825; x_wconf 87' lang='lat' dir='ltr'>propior</span> <span class='ocrx_word' id='word_1_87' title='bbox 1619 1746 1921 1825; x_wconf 86' lang='lat' dir='ltr'>caliginis</span> <span class='ocrx_word' id='word_1_88' title='bbox 1954 1768 2068 1810; x_wconf 90' lang='lat' dir='ltr'>aer</span> 
     </span>
    </p>

    <p class='ocr_par' dir='ltr' id='par_1_11' title="bbox 537 1856 2043 1936">
     <span class='ocr_line' id='line_1_14' title="bbox 537 1856 2043 1936; baseline 0.001 -17"><span class='ocrx_word' id='word_1_89' title='bbox 537 1862 681 1919; x_wconf 90' lang='lat' dir='ltr'>ater</span> <span class='ocrx_word' id='word_1_90' title='bbox 711 1856 841 1919; x_wconf 92' lang='lat' dir='ltr'>init</span> <span class='ocrx_word' id='word_1_91' title='bbox 872 1856 1093 1919; x_wconf 90' lang='lat' dir='ltr'>oculos</span> <span class='ocrx_word' id='word_1_92' title='bbox 1122 1856 1307 1936; x_wconf 92' lang='lat' dir='ltr'>prior</span> <span class='ocrx_word' id='word_1_93' title='bbox 1340 1863 1404 1919; x_wconf 91' lang='lat' dir='ltr'>et</span> <span class='ocrx_word' id='word_1_94' title='bbox 1438 1857 1728 1935; x_wconf 84' lang='lat' dir='ltr'>possedit</span> <span class='ocrx_word' id='word_1_95' title='bbox 1763 1861 2043 1935; x_wconf 82' lang='lat' dir='ltr'>apertoS,</span> 
     </span>
    </p>

    <p class='ocr_par' dir='ltr' id='par_1_12' title="bbox 535 1962 2854 2154">
     <span class='ocr_line' id='line_1_15' title="bbox 535 1962 2854 2042; baseline 0 -16"><span class='ocrx_word' id='word_1_96' title='bbox 535 1964 910 2042; x_wconf 85' lang='lat' dir='ltr'>insequitur</span> <span class='ocrx_word' id='word_1_97' title='bbox 943 1968 1232 2029; x_wconf 86' lang='lat' dir='ltr'>candens</span> <span class='ocrx_word' id='word_1_98' title='bbox 1262 1966 1610 2029; x_wconf 80' lang='lat' dir='ltr'>confestim</span> <span class='ocrx_word' id='word_1_99' title='bbox 1643 1966 1903 2029; x_wconf 92' lang='lat' dir='ltr'>lucidus</span> <span class='ocrx_word' id='word_1_100' title='bbox 1937 1986 2050 2029; x_wconf 89' lang='lat' dir='ltr'>aer</span> <span class='ocrx_word' id='word_1_101' title='bbox 2753 1962 2854 2011; x_wconf 89' lang='lat'>315</span> 
     </span>
     <span class='ocr_line' id='line_1_16' title="bbox 536 2074 2227 2154; baseline -0.001 -16"><span class='ocrx_word' id='word_1_102' title='bbox 536 2074 651 2152; x_wconf 88' lang='lat' dir='ltr'>qui</span> <span class='ocrx_word' id='word_1_103' title='bbox 678 2075 868 2152; x_wconf 89' lang='lat' dir='ltr'>quasi</span> <span class='ocrx_word' id='word_1_104' title='bbox 895 2082 1141 2153; x_wconf 89' lang='lat' dir='ltr'>purgat</span> <span class='ocrx_word' id='word_1_105' title='bbox 1170 2096 1276 2139; x_wconf 90' lang='lat' dir='ltr'>eos</span> <span class='ocrx_word' id='word_1_106' title='bbox 1303 2097 1378 2139; x_wconf 91' lang='lat' dir='ltr'>ac</span> <span class='ocrx_word' id='word_1_107' title='bbox 1405 2076 1633 2154; x_wconf 86' lang='lat' dir='ltr'>nigras</span> <span class='ocrx_word' id='word_1_108' title='bbox 1658 2076 1933 2140; x_wconf 87' lang='lat' dir='ltr'>discutit</span> <span class='ocrx_word' id='word_1_109' title='bbox 1958 2077 2227 2139; x_wconf 87' lang='lat' dir='ltr'>umbras</span> 
     </span>
    </p>

    <p class='ocr_par' dir='ltr' id='par_1_13' title="bbox 537 2185 2032 2264">
     <span class='ocr_line' id='line_1_17' title="bbox 537 2185 2032 2264; baseline 0.001 -17"><span class='ocrx_word' id='word_1_110' title='bbox 537 2185 707 2247; x_wconf 87' lang='lat' dir='ltr'>aeris</span> <span class='ocrx_word' id='word_1_111' title='bbox 736 2185 949 2262; x_wconf 88' lang='lat' dir='ltr'>illius;</span> <span class='ocrx_word' id='word_1_112' title='bbox 993 2186 1178 2262; x_wconf 89' lang='lat' dir='ltr'>(nam</span> <span class='ocrx_word' id='word_1_113' title='bbox 1207 2186 1437 2249; x_wconf 88' lang='lat' dir='ltr'>multis</span> <span class='ocrx_word' id='word_1_114' title='bbox 1463 2185 1770 2264; x_wconf 87' lang='lat' dir='ltr'>partibus</span> <span class='ocrx_word' id='word_1_115' title='bbox 1798 2186 1905 2249; x_wconf 94' lang='lat' dir='ltr'>hic</span> <span class='ocrx_word' id='word_1_116' title='bbox 1936 2192 2032 2248; x_wconf 89' lang='lat' dir='ltr'>est</span> 
     </span>
    </p>

    <p class='ocr_par' dir='ltr' id='par_1_14' title="bbox 535 2294 2245 2375">
     <span class='ocr_line' id='line_1_18' title="bbox 535 2294 2245 2375; baseline 0.001 -18"><span class='ocrx_word' id='word_1_117' title='bbox 535 2294 837 2358; x_wconf 89' lang='lat' dir='ltr'>mobilior</span> <span class='ocrx_word' id='word_1_118' title='bbox 868 2295 1225 2374; x_wconf 90' lang='lat' dir='ltr'>multisque</span> <span class='ocrx_word' id='word_1_119' title='bbox 1256 2296 1576 2360; x_wconf 89' lang='lat' dir='ltr'>minutior</span> <span class='ocrx_word' id='word_1_120' title='bbox 1612 2304 1675 2360; x_wconf 94' lang='lat' dir='ltr'>et</span> <span class='ocrx_word' id='word_1_121' title='bbox 1709 2317 1895 2375; x_wconf 84' lang='lat' dir='ltr'>mage</span> <span class='ocrx_word' id='word_1_122' title='bbox 1928 2296 2245 2375; x_wconf 88' lang='lat' dir='ltr'>pollens).</span> 
     </span>
    </p>

    <p class='ocr_par' dir='ltr' id='par_1_15' title="bbox 538 2385 2152 2484">
     <span class='ocr_line' id='line_1_19' title="bbox 538 2385 2152 2484; baseline -0.001 -15"><span class='ocrx_word' id='word_1_123' title='bbox 538 2405 652 2483; x_wconf 92' lang='lat' dir='ltr'>qui</span> <span class='ocrx_word' id='word_1_124' title='bbox 683 2385 1108 2483; x_wconf 84' lang='lat' dir='ltr'>simulatque</span> <span class='ocrx_word' id='word_1_125' title='bbox 1139 2406 1287 2469; x_wconf 90' lang='lat' dir='ltr'>uias</span> <span class='ocrx_word' id='word_1_126' title='bbox 1319 2407 1656 2469; x_wconf 87' lang='lat' dir='ltr'>oculorum</span> <span class='ocrx_word' id='word_1_127' title='bbox 1689 2407 1832 2470; x_wconf 93' lang='lat' dir='ltr'>luce</span> <span class='ocrx_word' id='word_1_128' title='bbox 1866 2406 2152 2484; x_wconf 90' lang='lat' dir='ltr'>repleuit</span> 
     </span>
    </p>

    <p class='ocr_par' dir='ltr' id='par_1_16' title="bbox 537 2512 2855 2703">
     <span class='ocr_line' id='line_1_20' title="bbox 538 2512 2855 2594; baseline 0 -17"><span class='ocrx_word' id='word_1_129' title='bbox 538 2521 736 2592; x_wconf 90' lang='lat' dir='ltr'>atque</span> <span class='ocrx_word' id='word_1_130' title='bbox 767 2515 1085 2593; x_wconf 81' lang='lat' dir='ltr'>patefecit</span> <span class='ocrx_word' id='word_1_131' title='bbox 1116 2537 1280 2594; x_wconf 86' lang='lat' dir='ltr'>quas</span> <span class='ocrx_word' id='word_1_132' title='bbox 1312 2521 1465 2580; x_wconf 87' lang='lat' dir='ltr'>ante</span> <span class='ocrx_word' id='word_1_133' title='bbox 1499 2518 1841 2579; x_wconf 86' lang='lat' dir='ltr'>obsederat</span> <span class='ocrx_word' id='word_1_134' title='bbox 1875 2523 2037 2593; x_wconf 89' lang='lat' dir='ltr'>ater,</span> <span class='ocrx_word' id='word_1_135' title='bbox 2755 2512 2855 2561; x_wconf 86' lang='lat'>320</span> 
     </span>
     <span class='ocr_line' id='line_1_21' title="bbox 537 2625 2363 2703; baseline -0.001 -16"><span class='ocrx_word' id='word_1_136' title='bbox 537 2625 851 2688; x_wconf 92' lang='lat' dir='ltr'>continuo</span> <span class='ocrx_word' id='word_1_137' title='bbox 881 2646 1104 2688; x_wconf 90' lang='lat' dir='ltr'>rerum</span> <span class='ocrx_word' id='word_1_138' title='bbox 1147 2627 1621 2703; x_wconf 88' lang='lat' dir='ltr'>&lt;quaedam&gt;</span> <span class='ocrx_word' id='word_1_139' title='bbox 1662 2626 2015 2688; x_wconf 89' lang='lat' dir='ltr'>simulacra</span> <span class='ocrx_word' id='word_1_140' title='bbox 2046 2631 2363 2688; x_wconf 89' lang='lat' dir='ltr'>secuntur</span> 
     </span>
    </p>

    <p class='ocr_par' dir='ltr' id='par_1_17' title="bbox 538 2735 2327 2812">
     <span class='ocr_line' id='line_1_22' title="bbox 538 2735 2327 2812; baseline 0 -16"><span class='ocrx_word' id='word_1_141' title='bbox 538 2754 706 2812; x_wconf 92' lang='lat' dir='ltr'>quae</span> <span class='ocrx_word' id='word_1_142' title='bbox 734 2735 863 2798; x_wconf 86' lang='lat' dir='ltr'>sita</span> <span class='ocrx_word' id='word_1_143' title='bbox 889 2741 1045 2797; x_wconf 89' lang='lat' dir='ltr'>sunt</span> <span class='ocrx_word' id='word_1_144' title='bbox 1076 2735 1145 2796; x_wconf 93' lang='lat' dir='ltr'>in</span> <span class='ocrx_word' id='word_1_145' title='bbox 1175 2737 1338 2812; x_wconf 91' lang='lat' dir='ltr'>luce,</span> <span class='ocrx_word' id='word_1_146' title='bbox 1368 2737 1827 2812; x_wconf 86' lang='lat' dir='ltr'>lacessuntque</span> <span class='ocrx_word' id='word_1_147' title='bbox 1858 2740 1935 2797; x_wconf 91' lang='lat' dir='ltr'>ut</span> <span class='ocrx_word' id='word_1_148' title='bbox 1964 2735 2327 2798; x_wconf 78' lang='lat' dir='ltr'>uideamus,</span> 
     </span>
    </p>
   </div>
   <div class='ocr_carea' id='block_1_6' title="bbox 451 2840 2856 3141">
    <p class='ocr_par' dir='ltr' id='par_1_18' title="bbox 451 2840 2856 3141">
     <span class='ocr_line' id='line_1_23' title="bbox 451 2840 2856 2922; baseline 0 -16"><span class='ocrx_word' id='word_1_149' title='bbox 451 2845 715 2922; x_wconf 92' lang='lat' dir='ltr'>—quod</span> <span class='ocrx_word' id='word_1_150' title='bbox 746 2851 978 2908; x_wconf 87' lang='lat' dir='ltr'>contra</span> <span class='ocrx_word' id='word_1_151' title='bbox 1009 2844 1227 2908; x_wconf 82' lang='lat' dir='ltr'>facere</span> <span class='ocrx_word' id='word_1_152' title='bbox 1258 2845 1330 2907; x_wconf 95' lang='lat' dir='ltr'>in</span> <span class='ocrx_word' id='word_1_153' title='bbox 1359 2845 1651 2909; x_wconf 87' lang='lat' dir='ltr'>tenebris</span> <span class='ocrx_word' id='word_1_154' title='bbox 1680 2865 1713 2906; x_wconf 94' lang='lat' dir='ltr'>e</span> <span class='ocrx_word' id='word_1_155' title='bbox 1745 2846 1890 2908; x_wconf 91' lang='lat' dir='ltr'>luce</span> <span class='ocrx_word' id='word_1_156' title='bbox 1923 2845 2271 2922; x_wconf 89' lang='lat' dir='ltr'>nequimus</span> <span class='ocrx_word' id='word_1_157' title='bbox 2418 2867 2423 2870; x_wconf 93' lang='lat'>·</span> <span class='ocrx_word' id='word_1_158' title='bbox 2755 2840 2856 2890; x_wconf 85' lang='lat'>348</span> 
     </span>
     <span class='ocr_line' id='line_1_24' title="bbox 539 2954 1913 3032; baseline 0 -17"><span class='ocrx_word' id='word_1_159' title='bbox 539 2961 892 3032; x_wconf 88' lang='lat' dir='ltr'>propterea</span> <span class='ocrx_word' id='word_1_160' title='bbox 923 2955 1081 3031; x_wconf 92' lang='lat' dir='ltr'>quia</span> <span class='ocrx_word' id='word_1_161' title='bbox 1111 2955 1434 3032; x_wconf 91' lang='lat' dir='ltr'>posterior</span> <span class='ocrx_word' id='word_1_162' title='bbox 1466 2954 1769 3032; x_wconf 89' lang='lat' dir='ltr'>caliginis</span> <span class='ocrx_word' id='word_1_163' title='bbox 1802 2974 1913 3017; x_wconf 91' lang='lat' dir='ltr'>aer</span> 
     </span>
     <span class='ocr_line' id='line_1_25' title="bbox 538 3060 2856 3141; baseline -0.001 -15"><span class='ocrx_word' id='word_1_164' title='bbox 538 3063 816 3126; x_wconf 88' lang='lat' dir='ltr'>crassior</span> <span class='ocrx_word' id='word_1_165' title='bbox 849 3063 1222 3141; x_wconf 89' lang='lat' dir='ltr'>insequitur</span> <span class='ocrx_word' id='word_1_166' title='bbox 1257 3065 1371 3141; x_wconf 94' lang='lat' dir='ltr'>qui</span> <span class='ocrx_word' id='word_1_167' title='bbox 1405 3071 1645 3127; x_wconf 88' lang='lat' dir='ltr'>cuncta</span> <span class='ocrx_word' id='word_1_168' title='bbox 1679 3063 2009 3138; x_wconf 83' lang='lat' dir='ltr'>foramina</span> <span class='ocrx_word' id='word_1_169' title='bbox 2044 3064 2325 3141; x_wconf 88' lang='lat' dir='ltr'>complet</span> <span class='ocrx_word' id='word_1_170' title='bbox 2755 3060 2856 3109; x_wconf 91' lang='lat'>350</span> 
     </span>
    </p>
   </div>
   <div class='ocr_carea' id='block_1_7' title="bbox 538 3172 1981 3251">
    <p class='ocr_par' dir='ltr' id='par_1_19' title="bbox 538 3172 1981 3251">
     <span class='ocr_line' id='line_1_26' title="bbox 538 3172 1981 3251; baseline 0.001 -17"><span class='ocrx_word' id='word_1_171' title='bbox 538 3172 908 3251; x_wconf 88' lang='lat' dir='ltr'>obsiditque</span> <span class='ocrx_word' id='word_1_172' title='bbox 940 3173 1085 3236; x_wconf 91' lang='lat' dir='ltr'>uias</span> <span class='ocrx_word' id='word_1_173' title='bbox 1121 3175 1476 3249; x_wconf 88' lang='lat' dir='ltr'>oculorum,</span> <span class='ocrx_word' id='word_1_174' title='bbox 1511 3195 1594 3237; x_wconf 90' lang='lat' dir='ltr'>ne</span> <span class='ocrx_word' id='word_1_175' title='bbox 1628 3173 1981 3236; x_wconf 89' lang='lat' dir='ltr'>simulacra</span> 
     </span>
    </p>
   </div>
   <div class='ocr_carea' id='block_1_8' title="bbox 538 3282 2019 3439">
    <p class='ocr_par' dir='ltr' id='par_1_20' title="bbox 538 3282 2019 3439">
     <span class='ocr_line' id='line_1_27' title="bbox 538 3282 2019 3360; baseline -0.001 -15"><span class='ocrx_word' id='word_1_176' title='bbox 538 3282 794 3360; x_wconf 90' lang='lat' dir='ltr'>possint</span> <span class='ocrx_word' id='word_1_177' title='bbox 826 3283 1115 3345; x_wconf 88' lang='lat' dir='ltr'>ullarum</span> <span class='ocrx_word' id='word_1_178' title='bbox 1151 3303 1374 3345; x_wconf 92' lang='lat' dir='ltr'>rerum</span> <span class='ocrx_word' id='word_1_179' title='bbox 1410 3283 1703 3346; x_wconf 90' lang='lat' dir='ltr'>coniecta</span> <span class='ocrx_word' id='word_1_180' title='bbox 1738 3302 2019 3345; x_wconf 93' lang='lat' dir='ltr'>mouere.</span> 
     </span>
     <span class='ocr_line' id='line_1_28' title="bbox 1334 3389 1856 3439; baseline 0 0"><span class='ocrx_word' id='word_1_181' title='bbox 1334 3389 1434 3439; x_wconf 83' lang='lat' dir='ltr'>DE</span> <span class='ocrx_word' id='word_1_182' title='bbox 1475 3389 1856 3439; x_wconf 83' lang='lat' dir='ltr'><strong>TVRRIBVS</strong></span> 
     </span>
    </p>
   </div>
   <div class='ocr_carea' id='block_1_9' title="bbox 537 3476 2856 3886">
    <p class='ocr_par' dir='ltr' id='par_1_21' title="bbox 541 3476 2330 3556">
     <span class='ocr_line' id='line_1_29' title="bbox 541 3476 2330 3556; baseline 0 -17"><span class='ocrx_word' id='word_1_183' title='bbox 541 3477 1044 3555; x_wconf 82' lang='lat' dir='ltr'>Quadratasque</span> <span class='ocrx_word' id='word_1_184' title='bbox 1077 3478 1308 3556; x_wconf 91' lang='lat' dir='ltr'>procul</span> <span class='ocrx_word' id='word_1_185' title='bbox 1340 3477 1551 3539; x_wconf 90' lang='lat' dir='ltr'>turris</span> <span class='ocrx_word' id='word_1_186' title='bbox 1583 3498 1731 3540; x_wconf 92' lang='lat' dir='ltr'>cum</span> <span class='ocrx_word' id='word_1_187' title='bbox 1765 3476 2094 3539; x_wconf 89' lang='lat' dir='ltr'>cernimus</span> <span class='ocrx_word' id='word_1_188' title='bbox 2126 3476 2330 3553; x_wconf 77' lang='lat' dir='ltr'>urbiS,</span> 
     </span>
    </p>

    <p class='ocr_par' dir='ltr' id='par_1_22' title="bbox 538 3586 2131 3664">
     <span class='ocr_line' id='line_1_30' title="bbox 538 3586 2131 3664; baseline 0.001 -17"><span class='ocrx_word' id='word_1_189' title='bbox 538 3593 891 3664; x_wconf 89' lang='lat' dir='ltr'>propterea</span> <span class='ocrx_word' id='word_1_190' title='bbox 921 3587 998 3649; x_wconf 88' lang='lat' dir='ltr'>fit</span> <span class='ocrx_word' id='word_1_191' title='bbox 1026 3587 1130 3650; x_wconf 89' lang='lat' dir='ltr'>uti</span> <span class='ocrx_word' id='word_1_192' title='bbox 1161 3586 1521 3650; x_wconf 85' lang='lat' dir='ltr'>uideantur</span> <span class='ocrx_word' id='word_1_193' title='bbox 1553 3607 1747 3663; x_wconf 88' lang='lat' dir='ltr'>saepe</span> <span class='ocrx_word' id='word_1_194' title='bbox 1777 3587 2131 3660; x_wconf 88' lang='lat' dir='ltr'>rutundae,</span> 
     </span>
    </p>

    <p class='ocr_par' dir='ltr' id='par_1_23' title="bbox 537 3693 2856 3886">
     <span class='ocr_line' id='line_1_31' title="bbox 539 3693 2856 3784; baseline -0.001 -25"><span class='ocrx_word' id='word_1_195' title='bbox 539 3697 822 3773; x_wconf 85' lang='lat' dir='ltr'>angulus</span> <span class='ocrx_word' id='word_1_196' title='bbox 854 3701 1134 3774; x_wconf 88' lang='lat' dir='ltr'>optusus</span> <span class='ocrx_word' id='word_1_197' title='bbox 1163 3696 1321 3773; x_wconf 89' lang='lat' dir='ltr'>quia</span> <span class='ocrx_word' id='word_1_198' title='bbox 1350 3697 1541 3773; x_wconf 88' lang='lat' dir='ltr'>longe</span> <span class='ocrx_word' id='word_1_199' title='bbox 1575 3695 1874 3759; x_wconf 89' lang='lat' dir='ltr'>cernitur</span> <span class='ocrx_word' id='word_1_200' title='bbox 1907 3695 2116 3784; x_wconf 87' lang='lat' dir='ltr'>omnis</span> <span class='ocrx_word' id='word_1_201' title='bbox 2754 3693 2856 3742; x_wconf 87' lang='lat'>355</span> 
     </span>
     <span class='ocr_line' id='line_1_32' title="bbox 537 3802 2135 3886; baseline -0.001 -18"><span class='ocrx_word' id='word_1_202' title='bbox 537 3805 677 3869; x_wconf 89' lang='lat' dir='ltr'>siue</span> <span class='ocrx_word' id='word_1_203' title='bbox 709 3805 906 3869; x_wconf 91' lang='lat' dir='ltr'>etiam</span> <span class='ocrx_word' id='word_1_204' title='bbox 938 3805 1160 3886; x_wconf 86' lang='lat' dir='ltr'>potius</span> <span class='ocrx_word' id='word_1_205' title='bbox 1190 3825 1321 3868; x_wconf 92' lang='lat' dir='ltr'>non</span> <span class='ocrx_word' id='word_1_206' title='bbox 1351 3805 1650 3869; x_wconf 91' lang='lat' dir='ltr'>cernitur</span> <span class='ocrx_word' id='word_1_207' title='bbox 1681 3825 1755 3868; x_wconf 91' lang='lat' dir='ltr'>ac</span> <span class='ocrx_word' id='word_1_208' title='bbox 1788 3804 1962 3883; x_wconf 89' lang='lat' dir='ltr'>perit</span> <span class='ocrx_word' id='word_1_209' title='bbox 1995 3802 2135 3869; x_wconf 91' lang='lat' dir='ltr'>eius</span> 
     </span>
    </p>
   </div>
   <div class='ocr_carea' id='block_1_10' title="bbox 559 3937 1120 4066">
    <p class='ocr_par' dir='ltr' id='par_1_24' title="bbox 559 3937 1120 4066">
     <span class='ocr_line' id='line_1_33' title="bbox 561 3937 956 3998; baseline 0.005 -12"><span class='ocrx_word' id='word_1_210' title='bbox 561 3937 662 3986; x_wconf 88' lang='grc'>320</span> <span class='ocrx_word' id='word_1_211' title='bbox 682 3937 828 3998; x_wconf 63' lang='lat' dir='ltr'><strong><em>vulg.</em></strong></span> <span class='ocrx_word' id='word_1_212' title='bbox 858 3952 956 3988; x_wconf 88' lang='lat' dir='ltr'>aer</span> 
     </span>
     <span class='ocr_line' id='line_1_34' title="bbox 559 4004 1120 4066; baseline 0.004 -12"><span class='ocrx_word' id='word_1_213' title='bbox 559 4004 660 4054; x_wconf 88' lang='lat'>321</span> <span class='ocrx_word' id='word_1_214' title='bbox 682 4005 825 4066; x_wconf 59' lang='lat' dir='ltr'>vulg.</span> <span class='ocrx_word' id='word_1_215' title='bbox 864 4007 1120 4064; x_wconf 88' lang='lat' dir='ltr'>&lt;ater&gt;</span> 
     </span>
    </p>
   </div>
   <div class='ocr_carea' id='block_1_11' title="bbox 1529 4147 1677 4198">
    <p class='ocr_par' dir='ltr' id='par_1_25' title="bbox 1529 4147 1677 4198">
     <span class='ocr_line' id='line_1_35' title="bbox 1529 4147 1677 4198; baseline 0 -10"><span class='ocrx_word' id='word_1_216' title='bbox 1529 4147 1677 4198; x_wconf 85' lang='lat'><strong>[130]</strong></span> 
     </span>
    </p>
   </div>
  </div>
 </body>
</html>
