3182 4602
1163 381 1264 430 DE
1301 379 1566 429 RERVM
1602 379 1911 428 NATVRA
1958 379 2039 428 VI

489 621 504 636 ·
576 602 640 658 et
671 596 931 658 ualidas
962 603 1161 674 auget
1190 596 1357 659 uiris
1388 602 1452 660 et
1483 598 1750 658 roborat
1782 595 2005 658 ictum.

491 725 730 767 —nam
766 705 931 768 facit
962 713 1040 768 ut
1075 726 1241 783 quae
1275 705 1408 768 sint
1445 706 1625 769 illius
1659 706 1909 768 semina
1942 725 2218 782 cumque

577 837 610 879 e
641 815 904 894 regione
935 817 1150 878 locum
1181 816 1369 893 quasi
1399 816 1470 877 in
1500 837 1710 879 unum
1742 823 1981 878 cuncta
2010 815 2338 890 ferantur,

578 925 796 988 omnia
826 926 1150 988 coniciens
1182 926 1252 986 in
1282 947 1430 989 eum
1460 926 1804 989 uoluentia
1835 946 2119 988 cursum.
2793 920 2894 969 345

491 1035 864 1112 —forsitan
894 1057 974 1099 ex
1004 1036 1146 1113 ipso
1178 1036 1451 1099 ueniens
1481 1036 1709 1098 trahat
1734 1057 1890 1098 aere
1923 1036 2245 1112 quaedam

576 1165 854 1223 corpora
884 1166 1050 1222 quae
1082 1145 1298 1223 plagis
1327 1145 1693 1208 incendunt
1725 1145 2175 1208 mobilitatem.

578 1254 1050 1332 incolumisque
1080 1255 1266 1318 uenit
1298 1276 1417 1333 per
1449 1276 1554 1318 res
1584 1261 1782 1332 atque
1814 1255 2076 1332 integra
2106 1253 2350 1316 transit

577 1365 806 1440 multa,
839 1364 1278 1454 foraminibus
1309 1365 1605 1442 liquidus
1637 1364 1792 1442 quia
1824 1364 2158 1426 transuiat
2190 1363 2381 1442 ignis.

577 1475 914 1551 multaque
946 1475 1230 1552 perfigit‚
1264 1496 1412 1538 cum
1443 1495 1721 1552 corpora
1753 1474 2055 1537 fulminis
2087 1474 2232 1551 ipsa
2794 1470 2896 1519 350

578 1584 963 1662 corporibus
995 1605 1216 1648 rerum
1250 1585 1650 1661 inciderunt,
1686 1605 1817 1661 qua
1849 1591 2033 1646 texta
2064 1590 2397 1646 tenentur.

616 1694 1024 1758 —Dissoluit
1059 1715 1260 1772 porro
1292 1694 1488 1758 facile
1525 1715 1633 1758 aes
1670 1714 2036 1770 aurumque
2071 1700 2341 1771 repente

579 1803 1079 1890 conferuefacit,
1112 1824 1144 1865 e
1175 1804 1406 1881 paruis
1437 1804 1594 1881 quia
1625 1805 1808 1867 facta
1838 1804 2091 1867 minute

578 1914 962 1992 corporibus
987 1915 1091 1977 uis
1118 1921 1214 1977 est
1242 1920 1306 1978 et
1333 1914 1593 1977 leuibus
1621 1935 1700 1977 ex
1729 1913 2082 1989 elementiS,

578 2044 744 2101 quae
774 2023 970 2086 facile
999 2024 1430 2086 insinuantur
1460 2030 1524 2085 et
1554 2024 1895 2087 insinuata
1922 2029 2193 2101 repente
2794 2019 2897 2068 355

578 2133 942 2196 dissoluont
972 2135 1175 2196 nodos
1204 2133 1414 2196 omnis
1445 2141 1508 2197 et
1539 2133 1763 2196 uincla
1792 2134 2114 2196 relaxant.

701 2324 1081 2375 AVTVMNO
1121 2324 1362 2375 MAGIS
1400 2324 1761 2374 FLVMINA
1798 2325 1893 2373 ΕΤ
1933 2323 2325 2374 TONITRVA
2361 2324 2575 2373 FIERI

703 2415 1174 2490 Autumnoque
1207 2413 1415 2491 magis
1445 2413 1654 2476 stellis
1686 2412 2100 2491 fulgentibus
2132 2420 2292 2491 apta

579 2523 956 2586 concutitur
991 2524 1153 2586 caeli
1187 2524 1417 2586 domus
1451 2523 1747 2600 undique
1781 2528 2050 2600 totaque
2085 2524 2300 2598 tellus

579 2640 642 2695 et
676 2653 824 2695 cum
855 2640 1152 2710 tempora
1183 2653 1247 2695 se
1279 2633 1458 2695 ueris
1489 2633 1794 2696 florentia
1825 2634 2153 2711 pandunt.

577 2742 830 2819 frigore
861 2742 1033 2803 enim
1063 2743 1302 2804 desunt
1332 2743 1517 2819 ignes
1544 2742 1861 2819 uentique
1890 2744 2103 2805 calore
2793 2738 2893 2786 360

577 2852 894 2915 deficiunt
927 2872 1136 2928 neque
1167 2858 1322 2913 sunt
1353 2859 1491 2915 tam
1523 2853 1727 2915 denso
1757 2871 2028 2930 corpore
2061 2854 2285 2914 nubes.

580 2962 1071 3038 interutrasque
1109 2961 1317 3038 igitur
1355 2983 1502 3024 cum
1540 2962 1702 3024 caeli
1739 2968 2036 3039 tempora
2074 2967 2395 3037 constant,

577 3079 721 3135 tum
752 3071 980 3134 uariae
1015 3091 1247 3133 causae
1280 3078 1685 3134 concurrunt
1719 3070 2022 3133 fulminis
2057 3090 2295 3151 omnes.

493 3202 731 3244 —nam
767 3181 984 3244 fretus
1020 3180 1158 3259 ipse
1196 3180 1354 3243 anni
1391 3180 1740 3258 permiscet
1776 3180 1995 3273 frigus
2039 3187 2252 3251 <et>
2300 3186 2571 3256 aestum,
2749 3246 2753 3251 ,

579 3312 858 3369 quorum
888 3298 1247 3367 utrumque
1279 3311 1444 3368 opus
1477 3296 1572 3353 est
1608 3289 2002 3353 fabricanda
2032 3291 2117 3353 ad
2149 3289 2435 3352 fulmina
2466 3289 2672 3365 nobiS,
2789 3286 2887 3334 365

577 3408 653 3463 ut
693 3400 1023 3463 discordia
1072 3400 1305 3471 <sit>
1355 3421 1577 3462 rerum
1618 3420 1982 3477 magnoque
2019 3400 2316 3463 tumultu

581 3510 843 3587 ignibus
876 3517 941 3573 et
975 3510 1195 3573 uentis
1230 3509 1640 3573 furibundus
1674 3510 1947 3571 fluctuet
1982 3530 2112 3571 aer.

577 3620 796 3696 prima
832 3620 1068 3682 caloris
1105 3619 1278 3683 enim
1316 3640 1473 3697 pars
1510 3626 1606 3683 est
1645 3626 1975 3696 postrema
2011 3618 2283 3695 rigoris3
2390 3688 2393 3691 ⁴

580 3735 839 3807 tempus
869 3729 935 3791 id
969 3737 1065 3793 est
1095 3750 1412 3805 uernum;
1445 3748 1649 3806 quare
1683 3748 1981 3806 pugnare
2011 3733 2331 3790 necessest

601 3860 702 3908 349
723 3862 865 3920 vulg.
903 3861 1210 3910 transvolat
1285 3861 1419 3923 fort.
1459 3858 1741 3909 transfluit

602 3928 702 3975 350
723 3928 822 3977 alii
853 3926 1158 3992 perfringit

603 3996 703 4045 365
725 3997 868 4055 vulg.
898 3994 1032 4045 nubi

604 4064 704 4111 368
725 4063 868 4124 vuly.
901 4066 956 4112 et

1570 4146 1718 4197 [226]
