3182 4602
1177 429 1238 477 Τ.
1280 426 1608 479 LVGRETI
1647 427 1825 478 CARI

343 643 606 719 ——quod
641 642 951 720 quoniam
985 649 1213 705 nostro
1244 663 1502 720 quoque
1534 648 1792 704 constat
1827 662 2098 719 eorpore
2134 649 2386 706 eertum

429 752 952 829 dispositumque
981 752 1254 814 uidetur
1282 752 1398 815 ubi
1429 771 1562 816 esse
1595 759 1660 814 et
1691 772 1976 814 erescere
2008 752 2213 829 possit

428 881 719 924 seorsum
749 863 969 924 anima
999 869 1196 939 atque
1228 862 1504 938 animuS,
1536 868 1725 925 tanto
1755 861 1963 939 magis
1994 861 2417 924 infitiandum

431 977 643 1033 totum
676 991 861 1049 posse
895 978 1085 1034 extra
1115 991 1356 1048 eorpus
1386 972 1799 1048 formamque
1834 971 2181 1034 animalem

431 1081 742 1158 putribus
776 1080 847 1141 in
882 1081 1087 1158 glebis
1122 1088 1454 1143 terrarum
1490 1088 1608 1144 aut
1642 1071 1797 1142 solis
1841 1080 2060 1152 <in>
2106 1080 2249 1158 igni

430 1197 547 1252 aut
577 1189 650 1252 in
680 1210 853 1267 aqua
883 1191 1126 1253 durare
1160 1197 1278 1253 aut
1307 1190 1460 1254 altis
1490 1190 1777 1254 aetheris
1805 1190 1968 1284 oris..

345 1300 610 1362 —haud
645 1299 855 1378 igitur
891 1307 1196 1363 constant
1233 1299 1465 1363 diuino
1500 1300 1809 1378 praedita
1842 1321 2055 1377 sensu,

430 1409 964 1486 quandoquidem
1000 1417 1338 1487 nequeunt
1372 1409 1673 1472 uitaliter
1710 1429 1843 1472 esse
1880 1409 2191 1473 animata.

646 1602 994 1652 MVNDVM
1039 1601 1201 1652 NON
1246 1601 1428 1651 ESSE
1476 1601 1578 1650 AB
1625 1601 1749 1650 DIS
1799 1600 2341 1650 CONSTITVTVM

555 1690 738 1759 Illud
771 1691 928 1753 item
960 1710 1093 1752 non
1127 1698 1224 1754 est
1257 1697 1335 1753 ut
1369 1689 1578 1769 possis
1613 1690 1896 1766 eredere,
1931 1690 2114 1751 sedes

429 1821 563 1863 esse
594 1800 790 1863 deum
820 1808 1081 1863 sanetas
1112 1799 1183 1861 in
1212 1800 1446 1863 mundi
1478 1799 1783 1878 partibus
1813 1799 1987 1861 ullis..

432 1909 648 1972 tenuis
684 1909 858 1971 enim
893 1916 1140 1972 natura
1174 1910 1369 1972 deum
1406 1910 1726 1987 longeque
1764 1917 2014 1972 remota

429 2019 726 2081 sensibus
757 2020 838 2081 ab
871 2019 1113 2082 nostris
1146 2019 1350 2082 animi
1381 2019 1498 2082 uix
1528 2027 1746 2083 mente
1778 2019 2084 2095 uidetur3

429 2148 595 2204 quae
629 2128 940 2205 quoniam
971 2150 1288 2191 manuum
1321 2135 1572 2191 tactum
1603 2129 1884 2207 suffugit
1914 2135 1979 2191 et
2011 2128 2234 2204 ictum,

428 2237 654 2300 tactile
689 2237 787 2299 nil
822 2237 1008 2300 nobis
1043 2239 1219 2316 quod
1255 2238 1342 2300 sit
1377 2238 1757 2317 contingere
1794 2239 2004 2301 debet.

432 2350 701 2426 tangere
733 2348 906 2410 enim
938 2369 1072 2411 non
1104 2349 1250 2426 quit
1282 2350 1458 2426 quod
1490 2349 1679 2427 tangi
1709 2370 1842 2411 non
1874 2349 2027 2411 lieet
2060 2348 2297 2425 ipsum.

345 2477 634 2534 —quare
669 2457 867 2521 etiam
899 2458 1084 2521 sedes
1116 2479 1373 2536 quoque
1406 2458 1650 2520 nostris
1684 2458 1948 2521 sedibus
1980 2479 2114 2522 esse

429 2566 777 2629 dissimiles
813 2568 1070 2644 debent,
1107 2573 1337 2631 tenues
1373 2570 1453 2631 de
1490 2588 1763 2646 corpore
1799 2588 2057 2644 eorum;

429 2696 596 2752 quae
628 2676 752 2738 tibi
785 2678 1112 2755 posterius
1144 2677 1333 2756 largo
1363 2698 1658 2741 sermone
1692 2679 2000 2755 probabo.

554 2872 789 2937 Dicere
823 2892 1023 2951 porro
1053 2871 1392 2934 hominum
1425 2892 1625 2935 eausa
1654 2871 1940 2935 uoluisse
1972 2892 2211 2950 parare

430 2982 839 3059 praeclaram
873 2981 1107 3043 mundi
1145 2988 1456 3043 naturam
1493 2988 1975 3059 proptereaque

431 3091 850 3154 adlaudabile
884 3111 1052 3169 opus
1083 3090 1306 3153 diuom
1338 3091 1614 3154 laudare
1649 3091 1876 3154 decere

432 3207 901 3277 aeternumque
939 3206 1177 3278 putare
1215 3206 1411 3277 atque
1449 3199 1797 3262 inmortale
1834 3200 2144 3263 futurum

431 3330 550 3373 nee
581 3310 688 3371 fas
721 3329 874 3386 esse,
910 3310 1106 3372 deum
1140 3310 1316 3386 quod
1347 3308 1434 3371 sit
1467 3309 1723 3372 ratione
1755 3315 2023 3373 uetusta

432 3418 738 3496 gentibus
772 3418 1079 3481 humanis
1114 3418 1475 3481 fundatum
1511 3425 1835 3495 perpetuo
1870 3440 2051 3496 anO,

430 3527 782 3591 sollicitare
815 3527 952 3590 suis
983 3528 1124 3591 ulla
1155 3527 1227 3590 ui
1260 3548 1339 3590 ex
1369 3528 1634 3590 sedibus
1667 3548 1981 3605 umquam

431 3657 549 3700 nee
579 3637 802 3700 uerbis
830 3657 1072 3700 uexare
1105 3644 1170 3699 et
1202 3638 1283 3700 ab
1315 3637 1448 3699 imo
1477 3645 1773 3701 euertere
1806 3658 2077 3715 summa,

435 3753 652 3811 cetera
683 3747 764 3810 de
796 3767 1032 3824 genere
1063 3748 1183 3809 hoe
1217 3746 1550 3825 adfingere
1583 3753 1649 3810 et
1682 3747 1944 3824 addere,
1980 3747 2265 3824 Memmi,

427 3855 808 3933 desiperest.
890 3856 1051 3935 quid
1089 3856 1262 3919 enim
1297 3856 1760 3919 inmortalibus
1798 3863 1995 3933 atque
2032 3856 2241 3919 beatis

431 3966 649 4043 gratia
683 3972 913 4029 nostra
947 3972 1146 4043 queat
1179 3965 1489 4042 largirier
1527 3965 1968 4041 emolumenti,
2230 3952 2234 3956 Δ

431 4081 507 4137 ut
536 4081 765 4138 nostra
795 4074 1147 4152 quiequam
1177 4094 1377 4137 eausa
1407 4094 1631 4152 gerere
1664 4074 2147 4152 adgrediantur
2164 4062 2206 4138 ’ἴ

451 4207 551 4256 154
571 4206 708 4269 fort.
737 4208 799 4255 ut
829 4219 1055 4269 corpora
1428 4224 1573 4275 [169]

2643 858 2743 906 140

2643 1407 2745 1456 145

2642 2125 2743 2173 150

2642 2674 2744 2723 155

2643 3306 2744 3356 160

2641 3855 2743 3904 165
