3182 4602
1098 384 1201 434 DE
1238 385 1504 435 RERVM
1536 383 1848 435 NATVRA
1888 384 1975 435 11⁷

513 598 792 676 uenerit,
826 600 1156 677 extemplo
1183 588 1366 662 mens
1397 599 1640 678 cogitet
1672 600 1812 663 eius
1842 600 1909 662 id
1945 600 2183 679 ipsum.
2208 648 2215 657 .
2729 595 2834 646 780

513 728 684 773 anne
717 710 1132 774 uoluntatem
1168 718 1460 774 nostram
1495 710 1849 774 simulacra
1885 717 2162 773 tuentur

514 825 579 881 et
607 818 805 881 simul
832 840 907 883 ac
936 820 1243 883 uolumus
1269 819 1458 883 nobis
1487 820 1777 884 occurrit
1807 820 2042 898 imago,

513 928 570 990 si
601 948 799 1006 mare,
833 929 890 991 si
923 936 1173 993 terram
1204 929 1470 1007 cordist,
1505 930 1561 992 si
1597 929 1880 1007 denique
1914 930 2209 993 caelum?

513 1045 880 1101 conuentus
907 1038 1248 1101 hominum
1282 1059 1591 1117 pompam
1626 1039 1937 1103 conuiuia
1971 1059 2249 1117 pugnae,

514 1148 734 1211 omnia
762 1150 884 1212 sub
913 1150 1202 1212 uerbone
1234 1155 1412 1213 creat
1444 1156 1689 1212 natura
1719 1152 2088 1227 paratque?
2732 1146 2833 1195 785

433 1278 662 1321 —cum
698 1258 1088 1335 praesertim
1124 1258 1273 1321 aliis
1305 1260 1530 1322 eadem
1565 1259 1637 1320 in
1672 1258 1936 1337 regione
1971 1258 2238 1336 locoque

514 1367 706 1445 longe
742 1367 1078 1430 dissimilis
1113 1368 1374 1431 animus
1408 1389 1512 1431 res
1548 1368 1801 1446 cogitet>
1828 1367 2055 1431 omnis.

430 1476 676 1555 —quid
709 1496 926 1554 porro,
959 1477 1030 1538 in
1061 1498 1410 1541 numerum
1442 1479 1795 1556 procedere
1829 1499 1978 1541 cum
2008 1477 2363 1541 simulacra

515 1586 844 1650 cernimus
874 1586 946 1649 in
978 1587 1220 1650 somnis
1253 1594 1316 1651 et
1348 1587 1571 1650 mollia
1603 1589 1898 1651 membra
1926 1607 2190 1650 mouere

515 1696 740 1760 mollia
769 1696 1100 1760 mobiliter
1131 1718 1280 1760 cum
1313 1696 1588 1761 alternis
1618 1696 1891 1760 brachia
1922 1696 2202 1760 mittunt
2731 1693 2831 1744 790

515 1813 580 1869 et
613 1813 926 1883 repetunt
962 1806 1166 1870 oculis
1198 1814 1454 1884 gestum
1486 1808 1654 1885 pede
1686 1806 2149 1870 conuenienti?

433 1916 762 1979 —scilicet
798 1923 940 1979 arte
977 1917 1247 1980 madent
1281 1916 1637 1980 simulacra
1674 1924 1740 1979 et
1773 1918 1969 1980 docta
2003 1922 2359 1994 uagantur,

515 2031 841 2088 nocturno
874 2026 1093 2090 facere
1124 2033 1201 2089 ut
1235 2026 1489 2104 possint
1520 2026 1594 2087 in
1623 2033 1918 2104 tempore
1950 2027 2161 2089 ludos.

516 2156 603 2197 an
636 2135 845 2213 magis
881 2136 1048 2198 illud
1083 2136 1210 2198 erit
1243 2139 1520 2200 uerum?
1556 2136 1715 2213 quia
1746 2143 2040 2213 tempore
2075 2135 2146 2198 in
2179 2154 2332 2211 unc,

517 2246 691 2323 quod
724 2245 1060 2324 sentimUS,
1095 2246 1164 2308 id
1197 2252 1312 2324 est,
1347 2267 1496 2310 cum
1526 2266 1659 2310 uox
1690 2246 2019 2311 emittitur
2049 2265 2205 2323 una,
2733 2241 2832 2292 '795

516 2362 817 2433 tempora
846 2357 1060 2420 multa
1089 2356 1319 2433 latent,
1353 2356 1528 2420 ratio
1559 2376 1726 2433 quae
1761 2356 2080 2434 comperit
2110 2375 2263 2433 esse,

517 2473 872 2543 propterea
900 2465 978 2528 fit
1008 2466 1111 2528 uti
1143 2466 1376 2543 quouis
1408 2466 1479 2528 in
1511 2472 1806 2544 tempore
1837 2486 2132 2544 quaeque

518 2581 782 2652 praesto
813 2575 948 2638 sint
978 2575 1332 2639 simulacra
1362 2576 1520 2638 locis
1554 2575 1626 2636 in
1660 2575 1935 2652 quisque
1970 2581 2241 2653 parata:

515 2689 768 2748 tantast
803 2685 1134 2748 mobilitas
1169 2692 1232 2748 et
1269 2707 1488 2748 rerum
1527 2685 1719 2763 copia
1751 2691 1961 2748 tanta.
2055 2748 2060 2753 .

433 2793 655 2870 —hoc,
689 2777 803 2856 ubi
835 2795 1051 2872 prima
1084 2794 1259 2872 perit
1293 2795 1548 2872 alioque
1581 2802 1678 2858 est
1712 2795 1923 2859 altera
1952 2801 2115 2858 nata
2732 2791 2831 2841 800

518 2903 672 2967 inde
700 2911 900 2980 statu,
934 2904 1118 2982 prior
1146 2904 1253 2966 hic
1283 2912 1538 2981 gestum
1568 2892 1856 2968 mutasse
1885 2904 2176 2967 uidetur.

520 3020 584 3076 et
615 3014 770 3091 quia
801 3014 1030 3076 tenuia
1062 3020 1236 3090 sunt,
1269 3013 1398 3076 nisi
1431 3035 1597 3092 quae
1631 3014 1988 3090 contendit,
2025 3020 2214 3077 acute

517 3144 782 3187 00111010
814 3144 947 3186 11011
979 3124 1152 3201 potis
1185 3132 1280 3187 est
1313 3124 1605 3187 animus:
1640 3123 1919 3201 proinde
1954 3123 2174 3186 omnia
2205 3143 2371 3200 quae
2405 3130 2562 3187 sunt

518 3241 860 3311 praeterea
891 3240 1192 3311 pereunt,
1225 3233 1354 3295 nisi
1396 3233 1600 3305 <si>
1642 3234 1725 3296 ad
1760 3253 1927 3310 quae
1960 3254 2024 3296 se
2057 3233 2196 3311 ipse
2230 3233 2519 3311 parauit.
2588 3264 2591 3266 ’

518 3343 658 3420 11180
689 3351 885 3421 parat
916 3363 1051 3407 sese
1082 3363 1281 3420 porro
1311 3351 1665 3421 speratque
1698 3342 2007 3406 futurum
2730 3338 2829 3389 805

517 3458 594 3515 ut
624 3452 852 3515 uideat
883 3453 1056 3529 quod
1092 3453 1514 3530 consequitur
1546 3473 1685 3515 rem
1717 3472 2077 3530 quamque3
2110 3452 2187 3515 fit
2218 3471 2392 3530 ergo.

431 3582 735 3626 —ozonne
764 3561 952 3625 uides
982 3563 1201 3625 oculos
1231 3562 1446 3639 etiam,
1478 3583 1628 3624 cum
1656 3562 1885 3625 tenuia
1917 3583 2084 3639 quae
2115 3568 2271 3625 sunt
2310 3647 2315 3652 ἡ

490 3672 862 3750 [praeterea
895 3679 1177 3750 pereunt
1209 3671 1336 3734 nisi
1371 3692 1538 3750 quae
1571 3693 1651 3740 ex
1681 3692 1747 3735 se
1781 3671 1920 3750 ipse
1954 3663 2253 3750 parauit]

518 3803 782 3845 cernere
818 3788 1194 3859 coeperunt,
1232 3783 1625 3845 contendere
1658 3802 1724 3844 se
1761 3788 1959 3858 atque
1993 3802 2252 3859 parare,

541 3915 641 3963 '795
662 3913 1046 3964 consentimus

539 3982 641 4031 802
664 3982 797 4044 fort.
826 3981 934 4031 nisi
964 3985 1153 4030 contra
1182 3980 1363 4030 tendit

540 4050 643 4099 804
664 4064 807 4113 quae
838 4064 906 4098 ex
935 4063 996 4098 se
1023 4050 1146 4112 ipse
1211 4049 1345 4111 fort.
1374 4063 1512 4112 quae
1539 4047 1658 4111 ipse
1693 4046 1930 4106 <sibi>
1967 4063 2082 4098 esse

1509 4165 1658 4218 [146]
