3182 4602
1121 409 1225 460 DE
1260 409 1525 461 RERVM
1549 375 1870 461 'NATVRA
1910 409 1977 460 11
2006 477 2013 484 ι

646 707 777 772 Sed
805 728 888 770 ne
918 708 1094 772 forte
1126 716 1320 790 putes
1349 709 1663 774 animalia
1693 711 1830 774 sola
1860 710 2073 774 teneri

519 817 776 897 legibus
799 817 921 896 his,
952 820 1274 896 quaedam
1300 819 1475 883 ratio
1500 820 1923 884 disterminat
1950 819 2195 897 omnis;

518 945 673 989 nam
700 926 914 1019 ueluti
941 933 1085 992 tota
1111 933 1355 992 natura
1385 928 1735 992 dissimiles
1761 935 1918 992 sunt
2732 925 2828 975 720

519 1034 696 1099 inter
727 1056 793 1100 se
824 1036 1084 1115 genitae
1115 1058 1219 1101 res
1251 1058 1565 1115 quaeque,
1599 1038 1695 1102 ita
1729 1059 2054 1117 quamque
2084 1043 2406 1102 necessest

519 1145 824 1207 dissimili
855 1153 1154 1210 constare
1186 1146 1404 1224 figura
1435 1146 1953 1226 principiorum3

489 1255 655 1331 (non
686 1275 816 1332 quo
844 1257 1055 1320 multa
1084 1276 1323 1334 parum
1353 1256 1553 1319 simili
1583 1257 1718 1320 sint
1750 1257 2055 1335 praedita
2087 1256 2326 1334 forma,

519 1366 632 1427 sed
663 1365 822 1442 quia
848 1385 981 1428 non
1009 1367 1205 1443 uolgo
1236 1366 1428 1444 paria
1460 1366 1761 1429 omnibus
1792 1366 2011 1430 omnia
2040 1367 2408 1443 constant).

433 1473 768 1538 —semina
800 1495 948 1538 cum
981 1495 1182 1553 porro
1211 1475 1480 1553 distent,
1514 1475 1787 1539 differre
1820 1482 2150 1540 necessust
2734 1473 2833 1522 725

521 1583 876 1647 interualla
910 1584 1056 1648 uias
1088 1604 1370 1648 conexus
1404 1587 1699 1663 pondera
1733 1585 1964 1665 plagas

520 1713 874 1757 concursus
905 1700 1140 1771 motUS,
1175 1715 1342 1772 quae
1371 1714 1506 1757 non
1537 1694 1853 1758 animalia
1882 1695 2092 1758 solum

521 1822 800 1881 corpora
827 1803 1204 1882 seiungunt,
1237 1805 1351 1866 sed
1383 1810 1597 1867 terras
1629 1825 1703 1867 ac
1734 1823 1913 1866 mare
1944 1809 2161 1867 totum

520 1919 872 1976 secernunt
901 1913 1281 1991 caelumque
1311 1935 1350 1977 a
1379 1914 1578 1977 terris
1609 1933 1796 1977 omne
1828 1919 2183 1977 retentant.

575 2272 737 2324 NON
772 2273 1243 2325 NECESSARIO
1281 2273 1488 2323 ALBA
1523 2274 1629 2325 EX
1666 2273 1891 2325 ALBIS
1928 2241 2337 2325 PRINCIPHS
2374 2273 2589 2325 FIERI

605 2362 799 2425 Nunc
828 2383 947 2441 age
977 2363 1157 2426 dicta
1184 2383 1328 2426 meo
1355 2363 1535 2426 dulci
1566 2363 1865 2441 quaesita
1893 2365 2115 2426 labore
2737 2360 2836 2410 730

521 2471 806 2550 percipe,
838 2492 919 2535 ne
952 2471 1129 2535 forte
1159 2472 1320 2535 haec
1353 2472 1518 2535 albis
1551 2494 1630 2537 ex
1662 2474 1811 2536 alba
1844 2472 2051 2535 rearis

523 2580 874 2658 principiis
903 2601 1056 2657 esse,
1089 2588 1241 2644 ante
1273 2583 1491 2645 oculos
1522 2602 1689 2659 quae
1720 2578 2004 2645 can'dida
2036 2581 2267 2658 cernis,

523 2697 641 2753 aut
671 2711 747 2753 ea
776 2711 942 2767 quae
972 2690 1245 2767 nigrant
1274 2691 1468 2768 nigro
1495 2692 1576 2755 de
1608 2690 1850 2755 semine
1882 2698 2076 2767 nata3

519 2799 675 2861 niue
707 2799 912 2863 alium
941 2800 1239 2877 quemuis
1271 2820 1436 2877 quae
1467 2807 1626 2863 sunt
1656 2800 1895 2863 inbuta
1922 2801 2220 2877 colorem,

523 2916 880 2988 propterea
909 2930 1133 2987 gerere
1164 2910 1341 2972 hunc
1373 2911 1621 2987 credaS,
1655 2910 1828 2987 quod
1859 2909 2163 2972 materiai
2740 2907 2837 2957 735

521 3038 798 3096 corpora
836 3018 1159 3081 consimili
1195 3018 1329 3081 sint
1367 3019 1507 3082 eius
1541 3018 1753 3081 tincta
1788 3019 2018 3082 colore.

520 3129 746 3191 nullus
775 3128 948 3192 enim
977 3130 1153 3191 color
1185 3134 1281 3192 est
1312 3118 1578 3191 omnino
1605 3128 1909 3191 materiai

522 3238 925 3315 corporibus,
957 3258 1166 3315 neque
1198 3258 1323 3315 par
1351 3240 1546 3300 rebus
1576 3258 1787 3315 neque
1819 3237 2100 3315 denique
2132 3236 2378 3316 dispar.

521 3350 594 3409 in
627 3368 794 3425 quae
825 3367 1102 3425 corpora
1132 3347 1189 3409 si
1219 3348 1444 3410 nullus
1475 3347 1601 3409 tibi
1634 3346 1809 3410 forte
1840 3346 2114 3410 uidetur

523 3477 708 3535 posse
739 3456 942 3520 animi
971 3456 1251 3519 iniectus
1279 3455 1440 3533 fieri,
1474 3457 1708 3534 procul
1736 3455 1928 3519 auius
1958 3476 2158 3519 erras,
2740 3454 2835 3503 740

449 3602 454 3607 ·
522 3587 677 3629 nam
707 3587 856 3629 cum
887 3566 1233 3644 caecigeni‚
1265 3565 1418 3628 solis
1447 3566 1563 3643 qui
1593 3565 1847 3628 lumina
1877 3586 2237 3642 numquam

523 3677 894 3754 despexere,
931 3682 1153 3738 tamen
1192 3681 1585 3754 cognoscant
1625 3695 1902 3753 corpora
1939 3681 2144 3751 tactu,

524 3785 689 3848 scire
719 3785 871 3849 licet
901 3792 1164 3848 nostrae
1195 3805 1452 3862 quoque
1483 3784 1689 3849 menti
1721 3804 1999 3862 corpora
2030 3803 2215 3861 posse
2738 3782 2836 3832 744

519 3894 699 3956 uorti
731 3894 802 3955 in
835 3894 1140 3958 notitiam
1173 3895 1359 3957 nullo
1391 3893 1761 3957 circumlita
1795 3892 1969 3955 fuc0.
2740 3889 2848 3939 745.

547 4024 647 4073 719
667 4024 766 4073 alii
793 4024 906 4074 alia

549 4116 578 4165 7
581 4115 648 4164 42
669 4115 815 4175 vuly.
849 4114 1127 4189 dispexere
1533 4182 1646 4234 [64]
