3182 4602
1144 432 1204 480 T.
1247 432 1572 482 LVGRETI
1614 431 1791 482 CARI

398 651 705 722 certaque
742 666 898 723 pars
933 646 1092 723 01113,
1127 646 1316 724 quasi
1350 647 1538 709 nobis
1570 648 1863 710 membra
1897 646 2235 709 uidentur.

395 762 740 831 praeterea
775 755 1016 834 grandi
1049 755 1306 818 tonitru
1341 749 1653 819 concussa
1686 762 1978 834 repente,

396 870 581 927 terra
611 867 814 942 supra
847 885 1014 942 quae
1047 886 1114 930 se
1144 873 1301 928 sunt
1333 865 1627 929 concutit
1660 865 1881 929 omnia
1908 871 2126 928 motu:

399 974 573 1050 quod
608 972 826 1038 facere
854 976 1021 1037 haut
1050 976 1192 1038 ulla
1220 983 1438 1054 posset
1469 975 1745 1052 ratione,
1778 975 1908 1037 nisi
1939 981 2104 1038 esset

398 1083 704 1160 partibus
737 1083 932 1146 aeriis
961 1084 1196 1147 mundi
1229 1085 1534 1162 caeloque
1567 1085 1888 1148 reuincta.

367 1192 554 1268 (nam
586 1193 1041 1256 communibus
1068 1193 1245 1257 inter
1276 1214 1341 1255 se
1375 1194 1712 1257 radicibus
1741 1195 2017 1256 haerent

399 1323 478 1364 ex
511 1301 782 1366 ineunte
815 1322 977 1366 aeuo
1010 1303 1362 1366 coniuncta
1395 1309 1594 1381 atque
1626 1303 1850 1366 uniter
1884 1304 2096 1382 apta.)

223 1465 228 1468 .
311 1431 615 1473 —nonne
646 1412 838 1475 uides
866 1411 1065 1475 etiam
1097 1432 1294 1489 quam
1324 1433 1565 1490 magno
1597 1414 1885 1490 pondere
1915 1413 2103 1475 nobis

399 1520 725 1584 sustineat
759 1541 997 1599 corpus
1034 1522 1419 1585 tenuissima
1454 1522 1558 1584 uis
1594 1521 1840 1584 animai

399 1638 754 1707 propterea
789 1630 945 1707 quia
979 1638 1117 1694 tam
1154 1631 1505 1694 coniuncta
1542 1637 1740 1709 atque
1775 1631 1999 1693 uniter
2036 1639 2195 1709 apta
2230 1635 2369 1694 est?

401 1739 682 1816 denique
717 1739 848 1804 iam
883 1741 1059 1803 saltu
1094 1741 1349 1819 pernici
1382 1742 1611 1805 tollere
1647 1761 1885 1819 corpus

401 1849 563 1926 quid
593 1849 766 1927 potis
797 1857 895 1912 est
922 1850 1051 1912 nisi
1079 1851 1184 1912 uis
1212 1851 1468 1914 animae
1499 1871 1666 1928 quae
1697 1853 1990 1914 membra
2018 1853 2386 1928 gubernat?

315 1958 618 2022 —iamne
651 1959 840 2021 uides
874 1966 1197 2036 quantum
1232 1960 1452 2022 tenuis
1485 1966 1733 2022 natura
1764 1960 1987 2023 ualere

402 2067 626 2145 possit,
660 2068 776 2131 ubi
807 2075 903 2132 est
935 2069 1290 2132 coniuncta
1319 2069 1513 2147 graui
1545 2090 1694 2131 cum
1726 2047 2016 2147 corpore,
2050 2076 2127 2132 ut
2161 2090 2273 2132 aer

403 2177 793 2241 coniunctus
823 2179 1022 2240 terris
1052 2185 1117 2241 et
1147 2179 1334 2240 nobis
1365 2186 1461 2241 est
1495 2177 1699 2241 animi
1730 2178 1877 2240 11131

996 2285 1088 2334 DE
1128 2283 1340 2335 SOLIS
1382 2284 1935 2335 MAGNITVDINE

527 2374 662 2437 Nec
691 2374 900 2435 nimio
929 2374 1083 2436 solis
1112 2374 1322 2437 maior
1354 2382 1501 2437 rota
1532 2395 1652 2437 nec
1684 2374 1900 2436 minor
1934 2375 2133 2437 ardor

404 2503 538 2546 esse
572 2490 807 2561 potest,
843 2484 1088 2546 nostris
1122 2504 1319 2561 quam
1355 2484 1651 2547 sensibus
1686 2505 1820 2548 esse
1854 2484 2144 2547 uidetur.

318 2612 558 2655 —nam
590 2593 829 2669 quibus
863 2613 894 2654 e
929 2592 1167 2671 spatiis
1197 2614 1473 2670 cumque
1507 2593 1693 2671 ignes
1724 2593 1979 2656 lumina
2012 2600 2290 2670 possunt

405 2701 662 2766 adicere
697 2709 761 2765 et
795 2702 1083 2765 calidum
1117 2702 1424 2765 membris
1459 2703 1707 2766 adflare
1741 2722 2076 2780 uaporem,

403 2811 500 2872 nil
546 2812 810 2883 <illa>
853 2812 958 2874 his
995 2811 1368 2875 interuallis
1407 2813 1487 2873 de
1523 2832 1793 2889 corpore
1832 2812 2045 2874 libant

406 2921 838 2997 flammarum,
870 2921 967 2982 nil
1000 2922 1084 2983 ad
1115 2922 1395 2999 speciem
1428 2928 1524 2984 est
1556 2922 1956 2985 contractior
1988 2921 2180 2999 ignis

403 3030 704 3107 proinde,
739 3031 915 3093 calor
948 3030 1257 3107 quoniam
1291 3030 1444 3093 solis
1476 3032 1827 3108 lumenque
1860 3030 2213 3109 profusum

406 3140 810 3218 perueniunt
844 3146 1104 3202 nostros
1140 3141 1225 3202 ad
1260 3160 1489 3203 sensus
1523 3147 1587 3203 et
1623 3141 1765 3203 loca
1801 3140 2085 3217 fulgent,
2156 3184 2159 3188 -

408 3248 624 3314 forma
655 3270 910 3327 quoque
938 3249 1093 3311 hinc
1125 3249 1277 3311 solis
1304 3250 1499 3312 debet
1527 3248 1842 3326 filumque
1872 3248 2110 3327 uideri,
2202 3238 2209 3245 ’

407 3358 504 3419 1111
534 3360 696 3422 adeo
725 3364 802 3421 ut
832 3359 1042 3437 possis
1070 3360 1222 3437 plus
1253 3364 1370 3421 aut
1400 3358 1621 3421 minus
1652 3359 1913 3435 addere,
1946 3379 2122 3422 uere.

383 3467 812 3545 [perueniunt
844 3476 1100 3531 nostros
1133 3470 1218 3532 ad
1250 3488 1478 3531 sensus
1511 3474 1574 3530 et
1607 3469 1750 3530 loca
1782 3467 2073 3546 fulgent]

1225 3575 1390 3633 <DE
1432 3574 1711 3633 LVNA>

327 3662 698 3739 —lunaque
731 3662 870 3725 siue
900 3664 1103 3724 notho
1135 3662 1355 3725 fertur
1385 3664 1528 3725 loca
1559 3662 1808 3729 lumine
1841 3663 2134 3725 lustrans

409 3772 548 3835 siue
581 3792 766 3834 suam
797 3771 1072 3850 proprio
1101 3771 1305 3834 iactat
1337 3772 1416 3835 de
1449 3792 1721 3850 corpore
1752 3772 1983 3847 lucem,

411 3880 738 3958 quidquid
771 3881 839 3943 id
875 3888 990 3958 est,
1023 3881 1234 3943 nihilo
1266 3880 1486 3943 fertur
1517 3881 1762 3944 maiore
1794 3881 2011 3957 figura
2090 3904 2093 3907 ’

435 4014 535 4063 560
557 4012 678 4077 quis

432 4080 534 4129 570
557 4078 690 4141 fort.
723 4082 964 4143 purgant
1031 4078 1176 4139 vulg.
1209 4078 1446 4128 mulcent

1399 4215 1546 4265 [183]

2611 751 2718 800 550

2611 1300 2720 1349 555

2614 1847 2721 1896 560

2616 2482 2723 2530 565

2616 3027 2724 3077 573

2618 3138 2720 3187 570

2618 3356 2725 3406 572

2621 3660 2731 3709 575
