3182 4602
1175 438 1235 486 T.
1277 436 1605 489 LVGRETI
1644 437 1735 487 CA
1746 436 1822 486 ΠΙ

428 670 592 728 quae
625 651 814 729 quasi
843 652 1184 715 cuduntur
1216 672 1464 730 perque
1497 652 1670 715 acris
1698 652 2129 715 interuallum

428 780 558 821 non
592 760 905 823 dubitant
938 762 1225 854 transire
1259 762 1574 838 sequenti·
1594 762 1852 824 concita
1883 763 2099 839 plaga.

427 870 898 948 suppeditatur
927 870 1102 933 enim
1130 871 1478 934 confestim
1507 871 1755 933 lumine
1783 873 2005 934 lumen
2123 852 2128 857 ⁶

428 986 492 1042 et
522 979 710 1057 quasi
741 981 997 1057 protelo
1025 980 1409 1043 stimulatur
1435 980 1701 1058 'fulgere
1728 980 1986 1057 fulgur.

346 1097 835 1167 —quapropter
870 1090 1223 1153 simulacra
1258 1090 1409 1167 pari
1446 1090 1701 1153 ratione
1738 1096 2057 1153 necessest

427 1198 914 1262 inmemorabile
949 1220 1069 1277 per
1100 1200 1392 1277 spatium
1425 1208 1881 1263 transcurrere
1912 1213 2102 1278 ‘posse

424 1309 738 1386 temporis
771 1309 841 1369 in
875 1315 1142 1387 punct0,
1176 1309 1468 1387 primum
1502 1310 1676 1386 quod
1711 1309 1991 1387 paruola
2022 1330 2220 1373 causa

427 1418 524 1481 est
557 1420 790 1496 procul
824 1440 863 1482 a
892 1426 1082 1496 tergo
1114 1430 1280 1496 quae
1314 1420 1640 1497 prouehat
1675 1425 1873 1497 atque
1907 1420 2257 1498 propellat,

426 1529 600 1604 quod
631 1534 950 1605 superest,
985 1528 1100 1591 ubi
1131 1536 1270 1591 tam
1301 1528 1560 1591 uolucri
1591 1528 1867 1602 leuitate
1900 1528 2245 1606 ferantur3

424 1637 660 1701 deinde
696 1639 872 1715 quod
905 1658 1112 1715 usque
1150 1639 1315 1701 adeo
1348 1645 1615 1701 textura
1651 1638 1959 1716 praedita
1992 1653 2147 1701 rara

421 1746 812 1824 mittuntur,'
836 1746 1032 1811 facile
1060 1755 1138 1811 ut
1167 1747 1434 1825 quasuis
1464 1755 1815 1825 penetrare
1844 1754 2089 1825 queant
2118 1768 2223 1812 res

423 1864 486 1919 et
523 1856 711 1934 quasi
745 1877 1134 1935 permanare
1171 1872 1290 1936 per
1327 1857 1496 1921 aeris
1531 1858 1981 1921 interuallum.

340 1974 765 2043 —praeterea
797 1966 854 2028 si
887 1987 1053 2044 quae
1086 1968 1354 2045 penitus
1387 1969 1778 2045 corpuscula
1812 1988 2034 2031 rerum

421 2096 500 2137 cx
527 2077 791 2154 altoque
821 2076 1005 2139 foras
1031 2077 1415 2154 mittuntur,
1446 2078 1601 2139 solis
1629 2077 1732 2140 uti
1761 2078 1878 2139 lux

421 2206 494 2248 ac
525 2206 758 2263 uapor,
790 2187 950 2249 haec
981 2194 1232 2265 puncto
1262 2194 1630 2250 cernuntur
1660 2187 1851 2265 lapsa
1882 2187 2014 2250 diei

421 2317 538 2373 per
571 2303 786 2359 totum
819 2296 982 2360 caeli
1016 2296 1308 2375 spatium
1341 2296 1717 2359 diffundere
1750 2318 1903 2375 sese,

420 2427 666 2484 perque
701 2407 927 2470 uolare
961 2428 1141 2470 mare
1176 2428 1250 2470 ac
1283 2414 1496 2470 terras
1532 2408 1913 2484 caelumque
1948 2407 2187 2485 rigare,

420 2515 581 2592 quid
613 2535 778 2593 quae
810 2523 966 2578 sunt
997 2516 1207 2594 igitur
1237 2517 1368 2579 iam
1400 2517 1617 2595 prima
1649 2517 1873 2580 fronte
1904 2525 2161 2596 parata,

419 2645 567 2686 cum
597 2625 937 2689 iaciuntur
967 2634 1031 2689 et
1063 2626 1367 2689 emissum
1399 2647 1502 2689 res
1532 2627 1722 2689 nulla
1750 2631 2091 2690 moratur?

419 2754 633 2796 ‘nonne
664 2735 852 2797 uides
884 2735 1080 2798 citius
1111 2737 1343 2799 debere
1376 2743 1441 2798 et
1471 2736 1733 2813 longius
1764 2736 1859 2798 ire

417 2844 894 2935 multiplexque
926 2845 1052 2907 loci
1083 2845 1375 2922 spatium
1406 2853 1863 2910 transcurrere
1895 2847 2120 2909 eodem
2212 2927 2216 2931 Δ

416 2960 708 3031 tempore
742 2974 873 3031 quo
901 2955 1055 3018 solis
1087 2956 1482 3033 peruolgant
1513 2956 1769 3019 lumina
1801 2958 2095 3019 caelum?

340 3063 534 3125 —hoc
565 3063 763 3126 etiam
795 3062 866 3125 in
897 3064 1131 3142 primis
1160 3064 1490 3141 specimen
1518 3086 1753 3128 uerum
1786 3086 1920 3130 esse
1952 3066 2223 3130 uidetur

419 3191 613 3248 quam
645 3173 840 3236 celeri
869 3181 1054 3236 motu
1084 3194 1306 3236 rerum
1339 3174 1692 3237 simulacra
1723 3175 2052 3252 ferantur,
2120 3246 2125 3250 v

419 3283 587 3358 quod
621 3283 818 3344 simul
849 3304 922 3346 ac
956 3283 1243 3360 primum
1277 3285 1396 3346 sub
1429 3285 1546 3346 diu
1577 3285 1891 3362 splendor
1922 3285 2119 3363 aquai

419 3391 708 3472 ponitur,
744 3394 1074 3470 extemplo
1106 3395 1287 3456 caelo
1317 3395 1622 3457 stellante
1658 3414 1887 3457 serena

419 3499 631 3564 sidera
661 3503 1064 3579 respondent
1097 3503 1168 3564 in
1202 3524 1376 3591 aqua
1406 3503 1743 3566 radiantia
1776 3504 2027 3566 mundi.

342 3608 628 3673 —iamne
662 3611 850 3673 uides
883 3611 1093 3689 igitur
1125 3633 1323 3689 quam
1357 3620 1610 3691 puncto
1639 3620 1931 3691 tempore
1966 3611 2183 3692 image

419 3721 697 3783 aetheris
730 3742 809 3783 ex
842 3720 972 3782 oris
1003 3721 1075 3782 in
1106 3729 1438 3784 terrarum
1471 3721 1728 3785 accidat
1761 3726 1949 3785 oras?

425 3823 665 3912 {lquare
701 3829 898 3892 etiam
934 3837 1131 3907 atque
1165 3831 1363 3893 etiam
1397 3831 1576 3893 mitti
1612 3830 1867 3894 fateare
1902 3839 2221 3895 necessest

439 3959 537 4009 206
558 3975 739 4025 quone

439 4028 536 4077 216
556 4029 700 4079 mira

1399 4218 1545 4268 [125]

2640 978 2740 1027 190

2640 1526 2741 1575 195

2632 2075 2735 2124 200

2631 2625 2733 2674 205

2628 3174 2730 3224 210

2624 3721 2727 3771 215
