3182 4602
1127 401 1229 450 DE
1265 401 1529 451 RERVM
1565 399 1876 452 NATVRA
1921 402 1968 451 V

437 622 592 678 —at
625 615 851 679 uariae
884 624 1188 680 crescunt
1220 618 1501 694 pecudes
1535 623 1838 680 armenta
1869 617 2180 694 feraeque

522 745 641 788 nec
674 725 1100 804 crepitacillis
1130 746 1296 804 opus
1327 733 1424 789 est
1455 747 1574 790 nec
1606 726 1914 804 cuiquam
1950 727 2388 790 adhibendast

523 835 731 897 almae
760 835 1042 898 nutricis
1071 836 1319 899 blanda
1347 843 1543 914 atque
1575 836 1869 900 infracta
1900 836 2161 914 loquela
2738 832 2839 881 230

522 965 641 1007 nec
672 944 896 1007 uarias
930 951 1261 1022 quaerunt
1293 952 1508 1009 uestes
1542 966 1666 1024 pro
1697 952 1991 1024 tempore
2026 945 2207 1008 caeli.

522 1054 804 1131 denique
834 1074 967 1116 non
998 1054 1198 1117 armis
1228 1074 1394 1132 opus
1423 1062 1538 1131 est,
1571 1075 1704 1117 non
1734 1055 2073 1118 moenibus
2104 1055 2276 1131 altis,

523 1162 637 1240 qui
671 1183 792 1226 sua
819 1170 1147 1240 tutentur,
1181 1165 1448 1241 quando
1480 1165 1784 1227 omnibus
1814 1165 2035 1228 omnia
2065 1165 2248 1242 large

520 1272 718 1335 tellus
749 1273 893 1351 ipsa
925 1272 1105 1350 parit
1136 1281 1509 1350 naturaque
1542 1274 1824 1337 daedala
1852 1294 2095 1337 rerum.

648 1466 991 1545 Principio,
1023 1467 1332 1544 quoniam
1366 1467 1573 1530 terrai
1609 1488 1848 1545 corpus
1884 1475 1948 1532 et
1982 1487 2171 1530 umor
2735 1466 2835 1515 235

522 1596 965 1653 aurarumque
998 1577 1174 1639 leues
1209 1576 1464 1640 animae
1500 1577 1827 1654 calidique
1862 1597 2161 1654 uaporeS,

521 1708 554 1749 e
586 1685 826 1763 quibus
852 1687 1011 1748 haec
1043 1706 1264 1749 rerum
1296 1686 1648 1749 consistere
1680 1707 1935 1749 summa
1961 1686 2253 1763 uidetur,

522 1795 752 1858 omnia.
769 1795 1001 1858 natiuo
1035 1817 1109 1858 ac
1139 1796 1405 1858 mortali
1438 1816 1710 1874 corpore
1745 1803 2068 1873 constant,

518 1906 713 1968 debet
747 1905 970 1968 eodem
1005 1905 1214 1967 omnis
1246 1905 1480 1967 mundi
1513 1912 1759 1968 natura
1795 1904 2042 1982 putari.

650 2010 833 2076 QVOI
875 2011 1069 2061 PARS
1113 2011 1411 2061 NATIVA
1453 2011 1570 2061 SIT
1616 2010 1879 2061 TOTVM
1923 2011 2287 2061 NATIVVM
2330 2011 2513 2062 ESSE

433 2100 767 2177 —quippe
801 2100 1040 2162 etenim
1077 2120 1354 2177 quorum
1390 2100 1605 2178 partis
1637 2108 1701 2164 et
1734 2101 2025 2162 membra
2059 2099 2362 2162 uidemus
2734 2097 2833 2147 240

520 2229 791 2286 corpore
826 2209 1059 2272 natiuo
1093 2230 1166 2272 ac
1200 2209 1590 2273 mortalibus
1626 2230 1758 2271 esse
1792 2209 2043 2287 figuris,

518 2321 678 2383 haec
712 2320 936 2383 eadem
971 2319 1179 2383 ferme
1211 2320 1519 2383 mortalia
1551 2320 1880 2383 cernimus
1915 2341 2049 2383 esse

520 2436 583 2492 et
617 2429 851 2492 natiua
883 2428 1595 2507 simul—quapropter
1629 2430 1917 2492 maxima
1949 2430 2182 2492 mundi

518 2560 667 2602 cum
697 2538 960 2601 uideam
995 2540 1285 2602 membra
1318 2560 1392 2602 ac
1425 2540 1639 2618 partis
1672 2545 2063 2617 consumpta
2094 2538 2372 2617 regigni‚

519 2648 683 2710 scire
716 2648 870 2710 licet
903 2648 1065 2711 caeli
1099 2669 1355 2726 quoque
1389 2649 1546 2712 item
1581 2657 1927 2727 terraeque
1962 2649 2167 2711 fuisse
2732 2645 2830 2694 245

520 2758 915 2836 principiale
954 2758 1222 2835 aliquod
1258 2766 1518 2836 tempus
1556 2759 1937 2835 clademque
1976 2758 2297 2820 futuram.

645 2868 826 2929 Illud
858 2867 929 2928 in
959 2867 1062 2929 his
1094 2868 1288 2930 rebus
1320 2889 1400 2930 ne
1434 2867 1829 2945 corripuisse
1862 2868 2071 2929 rearis

517 2998 618 3039 me
647 2976 829 3053 mihi,
861 2978 1037 3053 quod
1065 2984 1311 3040 terram
1344 2984 1540 3054 atque
1572 2976 1789 3054 ignem
1821 2976 2128 3039 mortalia
2159 2976 2411 3055 sumpsi

519 3105 651 3148 esse
686 3106 895 3162 neque
929 3106 1220 3148 umorem
1258 3086 1564 3149 dubitaui
1600 3106 1923 3163 aurasque
1961 3085 2179 3164 perire

519 3202 716 3272 atque
749 3196 974 3258 eadem
1007 3194 1190 3272 gigni
1222 3216 1580 3272 rursusque
1615 3216 1960 3274 augescere
1993 3194 2152 3271 dixi,
2729 3194 2827 3243 250

1378 3301 1478 3350 DE
1518 3301 1770 3352 TERRA

431 3389 851 3467 —principio
884 3410 1041 3468 pars
1075 3390 1282 3453 terrai
1316 3390 1657 3467 nonnulla,
1694 3396 1965 3467 perusta

517 3499 762 3562 solibus
795 3499 1110 3576 adsiduis,
1146 3501 1356 3562 multa
1389 3500 1655 3577 pulsata
1691 3500 1935 3576 pedum
1967 3499 2059 3576 ui,

456 3678 460 3684 ,
519 3609 816 3688 pulueris
850 3611 1068 3673 exalat
1101 3609 1407 3671 nebulam
1441 3610 1775 3685 nubesque
1807 3608 2099 3671 uolantis

517 3739 681 3796 quas
709 3719 922 3781 ualidi
952 3725 1094 3780 toto
1123 3717 1518 3795 dispergunt
1552 3737 1699 3780 aere
1732 3717 1938 3780 uenti.

517 3849 673 3907 pars
703 3828 900 3890 etiam
934 3827 1273 3905 glebarum
1305 3827 1390 3889 ad
1421 3825 1743 3888 diluuiem
1776 3833 2129 3889 reuocatur
2166 3873 2173 3879 .
2724 3825 2822 3874 255

518 3937 836 3999 imbribus
871 3944 936 3998 et
971 3937 1154 4013 ripas
1187 3936 1493 3998 radentia
1525 3935 1800 3997 flumina
1836 3936 2103 3998 rodunt.

1505 4175 1656 4228 [1⁷2]
