3182 4602
1107 428 1168 477 T.
1210 428 1450 479 LVGRE
1457 428 1536 478 TI
1575 428 1755 479 CARI

358 666 478 708 nec
511 645 710 708 simili
742 647 1000 709 Venere
1034 646 1388 709 ardescunt
1419 665 1538 708 nec
1570 644 1863 709 moribus
1895 644 2048 708 unis

359 755 766 819 conueniunt
794 775 1005 832 neque
1033 762 1190 818 sunt
1220 755 1448 818 eadem
1476 754 1772 818 iucunda
1799 775 1919 832 per
1950 761 2155 818 artus.

271 865 609 944 -quippe
640 865 870 928 uidere
903 851 1060 928 licet
1090 841 1518 943 pinguescere
1551 884 1745 942 saepe
1780 863 1998 927 cicuta

338 975 741 1053 ‚barbigeras
771 976 1074 1053 pecudes,
1105 975 1356 1038 homini
1389 995 1554 1052 quae
1586 982 1685 1038 est
1717 995 1864 1038 acre
1893 995 2242 1037 uenenum.

1149 1082 1249 1131 DE
1287 1081 1697 1132 GHIMAERA

270 1171 635 1248 —flamma
673 1171 938 1248 quidem
984 1181 1290 1243 <uero>
1339 1191 1486 1233 cum
1525 1190 1802 1249 corpora
1841 1171 2037 1233 fulua
2070 1170 2332 1232 leonum

358 1287 498 1343 tam
528 1281 732 1344 soleat
762 1287 1015 1344 torrere
1048 1288 1246 1358 atque
1276 1300 1470 1344 urere
1502 1300 1700 1357 quam
1734 1300 1940 1358 genus
1971 1300 2157 1342 omne

357 1390 636 1452 uisceris
664 1390 734 1451 in
767 1390 966 1452 terris
999 1391 1455 1467 quodcumque
1489 1397 1554 1452 et
1588 1389 1932 1468 sanguinis
1964 1395 2160 1466 extet,

359 1499 478 1577 qui
509 1499 654 1561 fieri
686 1499 924 1578 potuit,
959 1499 1213 1577 triplici
1247 1521 1395 1566 cum
1427 1519 1699 1576 corpore
1733 1506 1810 1562 ut
1840 1520 1996 1575 una,

327 1609 581 1686 (prima
611 1610 730 1686 le0,
761 1595 1095 1687 postrema
1124 1610 1342 1686 drac0,
1375 1608 1594 1672 media
1624 1609 1801 1686 ipsa)
1847 1608 2196 1672 Chimaera

361 1740 472 1782 ore
507 1719 689 1782 foras
724 1730 938 1783 acrem
973 1719 1164 1782 flaret
1199 1720 1279 1782 de
1316 1739 1586 1796 corpore
1622 1718 1993 1780 flammam?

270 1848 566 1906 —quare
601 1829 800 1892 etiam
831 1829 1069 1892 tellure
1102 1849 1278 1891 noua
1313 1829 1618 1905 caeloque
1653 1828 1902 1891 recenti

360 1939 528 2001 talia
559 1939 674 2016 qui
705 1938 898 2016 fingit
932 1939 1222 2016 potuisse
1255 1938 1568 2002 animalia
1603 1937 1808 2016 gigni,

361 2049 559 2112 nixus
593 2049 662 2110 in
694 2050 816 2111 hoc
846 2069 984 2111 uno
1014 2048 1335 2111 nouitatis
1366 2048 1630 2111 nomine
1664 2048 1870 2124 inani,

360 2159 573 2221 multa
605 2159 758 2221 licet
791 2158 991 2221 simili
1026 2159 1281 2221 ratione
1316 2158 1579 2222 effutiat
1615 2178 1745 2234 ore,

363 2287 568 2332 aurea
597 2275 740 2332 tum
775 2268 953 2332 dicat
987 2288 1107 2347 per
1138 2275 1355 2333 terras
1384 2267 1661 2332 flumina
1692 2269 1889 2347 uolgo

364 2379 629 2441 fluxisse
663 2386 728 2442 et
761 2379 1030 2457 gemmis
1065 2380 1296 2441 florere
1331 2380 1604 2442 arbusta
1638 2399 1852 2441 suesse

365 2496 482 2552 aut
512 2489 841 2552 hominem
872 2496 1065 2552 tanto
1092 2490 1532 2553 membrorum
1565 2510 1700 2552 esse
1731 2489 1972 2567 impete
2004 2495 2255 2565 natum,

362 2606 551 2661 trans
581 2599 795 2662 maria
823 2600 963 2662 alta
991 2600 1234 2678 pedum
1264 2600 1448 2662 nisus
1478 2606 1554 2662 ut
1588 2619 1830 2677 ponere
1863 2605 2077 2677 posset

365 2716 428 2771 et
458 2709 764 2772 manibus
793 2716 1007 2772 totum
1041 2710 1287 2772 circum
1320 2729 1385 2772 se
1417 2716 1679 2772 uertere
1712 2709 1982 2771 caelum.

627 2814 790 2865 NON
823 2814 1188 2865 POTVISSE
1227 2814 1703 2866 OHIMAERAM
1738 2815 1833 2864 ΕΤ
1871 2814 2228 2865 SCYLLAM

920 2900 1015 2951 ET
1055 2900 1361 2951 SIMILIA
1401 2899 1673 2951 EORVM
1716 2899 1934 2950 GIGNI

365 3010 517 3052 nam
554 2991 730 3067 quod
762 2991 974 3053 multa
1009 2990 1197 3053 fuere
1231 2991 1302 3052 in
1335 2990 1532 3052 terris
1567 2990 1815 3053 semina
1849 3010 2074 3052 rerum

363 3107 657 3176 tempore
693 3120 824 3177 quo
857 3100 1146 3177 primum
1180 3101 1376 3162 tellus
1413 3099 1727 3163 animalia
1763 3098 1963 3176 fudit,

365 3210 462 3270 nil
490 3217 713 3272 tamen
744 3216 840 3271 est
871 3210 1045 3287 signi
1076 3210 1319 3272 mixtas
1349 3210 1638 3287 potuisse
1672 3210 1882 3272 creari

368 3319 542 3381 inter
575 3340 642 3382 se
677 3320 959 3397 pecudes
993 3327 1460 3397 compactaque
1492 3321 1787 3382 membra
1817 3320 2250 3395 animantum,

368 3436 721 3506 propterea
752 3429 908 3511 quia
939 3450 1106 3507 quae
1137 3430 1217 3492 de
1247 3430 1445 3492 terris
1476 3450 1654 3492 nunc
1686 3450 1942 3507 quoque
1974 3429 2319 3492 abundant

366 3539 723 3601 herbarum
755 3560 996 3617 genera
1029 3560 1104 3602 ac
1139 3538 1368 3617 fruges
1399 3540 1801 3616 arbustaque
1835 3540 2008 3602 laeta

369 3668 501 3710 non
535 3656 758 3711 tamen
794 3648 970 3710 inter
1006 3669 1071 3711 se
1110 3656 1385 3726 possunt
1421 3650 1759 3726 complexa
1796 3649 2025 3725 creari,

369 3758 480 3819 sed
513 3758 796 3829 si<bi>
840 3778 1135 3835 quaeque
1168 3778 1287 3820 suo
1315 3758 1454 3820 ritu
1487 3758 1786 3835 procedit
1818 3766 1882 3821 et
1916 3778 2135 3821 omnes

372 3866 634 3930 foedere
671 3874 952 3931 naturae
993 3874 1171 3929 certo
1208 3867 1594 3930 discrimina
1631 3875 1920 3931 seruant.

393 3999 492 4048 923
514 4000 612 4048 alii
638 4000 750 4049 alia

1362 4195 1508 4245 [195]

2572 970 2673 1019 900

2575 1604 2677 1654 905

2575 2153 2677 2202 910

2577 2705 2679 2754 915

2580 3425 2681 3474 920
