3182 4602
1041 413 1143 463 DE
1179 413 1444 464 RERVM
1479 413 1789 462 NATVRA
1836 413 1915 462 1⁷1

455 628 788 692 ulceribus
817 629 1010 692 tetris
1037 637 1104 692 et
1135 629 1331 707 nigra
1363 629 1670 708 proluuie
1703 629 1861 722 alui·
2637 623 2777 673 1200

457 738 785 816 posterius
819 745 1038 802 tamen
1074 740 1250 802 hunc
1285 741 1468 804 tabes
1502 741 1837 818 letumque
1872 740 2199 816 manebat,

458 856 575 911 aut
609 849 807 912 etiam
840 850 1090 912 multus
1123 850 1362 928 capitis
1395 871 1542 913 cum
1577 870 1771 928 saepe
1804 851 2027 912 dolore

457 966 814 1037 corruptus
844 959 1114 1037 sanguis
1146 960 1426 1038 expletis
1457 960 1733 1023 naribus
1763 959 1937 1022 ibat:

456 1069 580 1132 hac
608 1069 892 1132 hominis
921 1075 1097 1132 totae
1128 1069 1310 1132 uires
1340 1090 1709 1148 corpusque
1742 1070 2007 1132 fluebat.

459 1179 866 1256 profluuium
902 1199 1103 1257 porro
1136 1179 1250 1257 qui
1285 1179 1486 1243 taetri
1519 1179 1865 1257 sanguinis
1898 1200 2047 1243 acre
2637 1175 2779 1225 1205

459 1289 729 1365 exierat,
764 1297 986 1352 tamen
1022 1289 1091 1350 in
1127 1310 1370 1352 neruos
1400 1289 1556 1352 huic
1590 1291 1857 1353 morbus
1894 1297 1959 1352 et
1996 1296 2185 1352 artus

459 1399 598 1462 ibat
632 1406 696 1462 et
729 1399 798 1461 in
835 1400 1048 1477 partis
1079 1400 1390 1478 genitalis
1419 1399 1714 1478 corporis
1748 1399 1943 1478 ipsas,

460 1516 525 1572 et
560 1509 858 1587 grauiter
893 1509 1138 1587 partim
1171 1517 1537 1573 metuentes
1570 1510 1802 1572 limina
1834 1509 1974 1598 leti,

458 1620 780 1682 uiuebant
811 1619 991 1682 ferro
1022 1620 1274 1698 priuati
1306 1627 1498 1698 parte
1527 1619 1735 1696 uirili,

460 1735 526 1792 et
559 1729 863 1792 manibus
894 1729 1033 1791 sine
1067 1730 1372 1792 nonnulli
1407 1731 1814 1808 pedibusque
1848 1731 2204 1792 manebant
2639 1725 2779 1774 1210

462 1840 533 1900 in
565 1840 710 1903 uita
744 1847 983 1916 tamen,
1019 1847 1082 1903 et
1118 1841 1483 1918 perdebant
1519 1840 1773 1903 lumina
1808 1839 2089 1918 partim:

431 1949 669 2027 (usque
704 1951 869 2013 adeo
901 1949 1131 2013 mortis
1165 1957 1379 2012 metus
1411 1949 1514 2012 his
1547 1951 1900 2012 incesserat
1938 1950 2139 2025 acer.)

462 2066 659 2137 atque
695 2060 891 2123 etiam
929 2060 1245 2137 quosdam
1281 2081 1510 2138 cepere
1544 2059 1791 2123 obliuia
1826 2080 2048 2122 rerum

463 2177 871 2246 cunctarum,
905 2189 1116 2247 neque
1150 2189 1216 2231 se
1251 2177 1514 2248 possent
1550 2190 1933 2247 cognoscere
1965 2176 2045 2232 ut
2079 2169 2227 2247 ipsi.

379 2267 1017 2359 —multaque'humi
1050 2301 1199 2343 cum
1233 2280 1577 2344 inhumata
1612 2281 1902 2344 iacerent
1934 2299 2211 2358 corpora
2244 2298 2449 2357 supra
2642 2275 2784 2326 1215

463 2390 866 2468 corporibuS,
904 2398 1124 2454 tamen
1161 2391 1444 2454 alituum
1483 2411 1689 2469 genus
1724 2398 1921 2469 atque
1958 2390 2257 2453 ferarum

463 2508 580 2563 aut
617 2502 847 2578 procul
884 2500 1252 2579 apsiliebat,
1286 2509 1363 2564 ut
1399 2522 1613 2564 acrem
1650 2501 1894 2564 exeiret
1932 2502 2215 2576 odorem,

465 2618 600 2686 aut,
639 2611 754 2673 ubi
792 2617 1114 2689 gustarat,
1154 2612 1510 2689 languebat
1546 2600 1756 2673 morte
1795 2610 2191 2689 propinqua.

379 2741 583 2783 —nec
616 2727 837 2783 tamen
871 2721 1139 2784 omnino
1169 2728 1412 2785 temere
1448 2721 1581 2783 illis
1614 2720 1859 2783 solibus
1893 2721 2032 2783 ulla

464 2832 884 2908 comparebat
916 2831 1079 2907 auis,
1111 2852 1230 2894 nec
1273 2831 1543 2902 <tris>
1557 2831 1653 2894 tia
1684 2832 1895 2894 saecla
1928 2830 2225 2893 ferarum
2643 2826 2785 2875 1220

466 2940 770 3003 excibant
810 2940 1014 3002 siluis,
1099 2942 1502 3018 languebant
1543 2941 1859 3019 pleraque
1899 2941 2124 3002 morbo

467 3058 530 3113 et
562 3050 1032 3113 moriebantur.
1109 3072 1257 3113 cum
1291 3051 1526 3129 primis
1555 3051 1689 3113 fida
1724 3071 1960 3113 canum
1992 3049 2099 3112 uis

467 3165 677 3223 strata
710 3160 840 3222 uiis
875 3160 1161 3223 animam
1194 3162 1479 3239 ponebat
1513 3162 1582 3221 in
1618 3160 1920 3222 omnibus
1954 3180 2181 3236 aegre3

468 3272 896 3347 extorquebat
934 3271 1106 3332 enim
1141 3271 1352 3333 uitam
1386 3271 1492 3333 uis
1526 3270 1825 3333 morbida
1862 3269 2188 3332 membris,

467 3380 851 3444 incomitata
884 3380 1034 3458 rapi
1068 3382 1411 3443 certabant
1448 3380 1689 3443 funera
1724 3387 1934 3442 uasta.
2647 3375 2789 3425 1225

381 3510 586 3553 —nec
621 3491 794 3553 ratio
828 3490 1075 3552 remedi
1113 3489 1475 3552 communis
1509 3497 1689 3553 certa
1726 3491 2047 3565 dabatur;

467 3621 621 3663 nam
655 3600 830 3677 quod
866 3599 955 3663 ali
992 3600 1264 3662 dederat
1300 3600 1528 3662 uitalis
1564 3599 1734 3662 aeris
1770 3619 1967 3663 auras

469 3710 736 3772 uoluere
773 3709 844 3770 in
879 3730 987 3771 ore
1024 3709 1218 3771 licere
1255 3717 1319 3772 et
1354 3709 1515 3772 caeli
1551 3710 1799 3787 templa
1834 3708 2029 3785 tueri,

468 3820 588 3882 hoc
622 3820 773 3883 aliis
806 3825 947 3883 erat
984 3819 1186 3882 exitio
1218 3820 1551 3896 letumque
1584 3820 1884 3897 parabat.

595 3931 776 3992 Illud
813 3930 882 3990 in
916 3929 1019 3991 his
1055 3931 1250 3991 rebus
1284 3928 1731 3991 miserandum
1766 3948 2161 4006 magnopere
2197 3948 2406 3990 unum
2648 3925 2793 3974 1230

471 4039 917 4102 aerumnabile
952 4046 1114 4115 erat,
1150 4039 1324 4116 quod
1358 4038 1472 4100 ubi
1507 4059 1573 4101 se
1608 4037 1882 4115 quisque
1913 4038 2186 4100 uidebat

458 4188 596 4238 1204
611 4187 716 4237 huc
1461 4187 1609 4238 [256]
