<?xml version="1.0" encoding="UTF-8"?>
<!DOCTYPE html PUBLIC "-//W3C//DTD XHTML 1.0 Transitional//EN"
    "http://www.w3.org/TR/xhtml1/DTD/xhtml1-transitional.dtd">
<html xmlns="http://www.w3.org/1999/xhtml" xml:lang="en" lang="en">
 <head>
  <title>
</title>
<meta http-equiv="Content-Type" content="text/html;charset=utf-8" />
  <meta name='ocr-system' content='tesseract 3.04.00' />
  <meta name='ocr-capabilities' content='ocr_page ocr_carea ocr_par ocr_line ocrx_word'/>
</head>
<body>
  <div class='ocr_page' id='page_1' title='image "./lvcretiderervmn00unkngoog_0065.png"; bbox 0 0 3182 4602; ppageno 0'>
   <div class='ocr_carea' id='block_1_1' title="bbox 1093 377 1950 430">
    <p class='ocr_par' dir='ltr' id='par_1_1' title="bbox 1093 377 1950 430">
     <span class='ocr_line' id='line_1_1' title="bbox 1093 377 1950 430; baseline 0 0"><span class='ocrx_word' id='word_1_1' title='bbox 1093 380 1195 430; x_wconf 85' lang='lat' dir='ltr'>DE</span> <span class='ocrx_word' id='word_1_2' title='bbox 1232 377 1496 430; x_wconf 75' lang='lat' dir='ltr'><strong><em>RERVM</em></strong></span> <span class='ocrx_word' id='word_1_3' title='bbox 1531 377 1842 430; x_wconf 72' lang='lat' dir='ltr'><strong><em>NATVRA</em></strong></span> <span class='ocrx_word' id='word_1_4' title='bbox 1882 379 1950 429; x_wconf 93' lang='lat' dir='ltr'>II</span> 
     </span>
    </p>
   </div>
   <div class='ocr_carea' id='block_1_2' title="bbox 404 589 2809 2539">
    <p class='ocr_par' dir='ltr' id='par_1_2' title="bbox 404 589 2809 2539">
     <span class='ocr_line' id='line_1_2' title="bbox 492 589 2801 672; baseline 0.002 -18"><span class='ocrx_word' id='word_1_5' title='bbox 492 593 880 671; x_wconf 87' lang='lat' dir='ltr'>praesertim</span> <span class='ocrx_word' id='word_1_6' title='bbox 915 614 1083 670; x_wconf 89' lang='lat' dir='ltr'>cum,</span> <span class='ocrx_word' id='word_1_7' title='bbox 1119 614 1286 671; x_wconf 87' lang='lat' dir='ltr'>quae</span> <span class='ocrx_word' id='word_1_8' title='bbox 1321 594 1644 672; x_wconf 87' lang='lat' dir='ltr'>possimus</span> <span class='ocrx_word' id='word_1_9' title='bbox 1678 614 1961 671; x_wconf 91' lang='lat' dir='ltr'>cernere,</span> <span class='ocrx_word' id='word_1_10' title='bbox 1998 595 2209 657; x_wconf 81' lang='lat' dir='ltr'>celent</span> <span class='ocrx_word' id='word_1_11' title='bbox 2702 589 2801 638; x_wconf 86' lang='lat'>315</span> 
     </span>
     <span class='ocr_line' id='line_1_3' title="bbox 489 704 2081 782; baseline 0.001 -17"><span class='ocrx_word' id='word_1_12' title='bbox 489 723 682 781; x_wconf 87' lang='lat' dir='ltr'>saepe</span> <span class='ocrx_word' id='word_1_13' title='bbox 715 710 936 766; x_wconf 87' lang='lat' dir='ltr'>tamen</span> <span class='ocrx_word' id='word_1_14' title='bbox 969 710 1185 767; x_wconf 91' lang='lat' dir='ltr'>motus</span> <span class='ocrx_word' id='word_1_15' title='bbox 1217 705 1435 782; x_wconf 89' lang='lat' dir='ltr'>spatio</span> <span class='ocrx_word' id='word_1_16' title='bbox 1465 705 1740 768; x_wconf 88' lang='lat' dir='ltr'>diducta</span> <span class='ocrx_word' id='word_1_17' title='bbox 1771 704 2081 767; x_wconf 87' lang='lat' dir='ltr'>locorum.</span> 
     </span>
     <span class='ocr_line' id='line_1_4' title="bbox 404 813 2007 892; baseline 0.002 -19"><span class='ocrx_word' id='word_1_18' title='bbox 404 834 644 876; x_wconf 80' lang='lat' dir='ltr'>—nam</span> <span class='ocrx_word' id='word_1_19' title='bbox 675 833 866 891; x_wconf 88' lang='lat' dir='ltr'>saepe</span> <span class='ocrx_word' id='word_1_20' title='bbox 896 813 967 874; x_wconf 89' lang='lat' dir='ltr'>in</span> <span class='ocrx_word' id='word_1_21' title='bbox 998 814 1148 877; x_wconf 89' lang='lat' dir='ltr'>colli</span> <span class='ocrx_word' id='word_1_22' title='bbox 1179 815 1526 877; x_wconf 81' lang='lat' dir='ltr'><strong>tondentes</strong></span> <span class='ocrx_word' id='word_1_23' title='bbox 1555 814 1803 892; x_wconf 83' lang='lat' dir='ltr'>pabula</span> <span class='ocrx_word' id='word_1_24' title='bbox 1832 814 2007 877; x_wconf 87' lang='lat' dir='ltr'>laeta</span> 
     </span>
     <span class='ocr_line' id='line_1_5' title="bbox 490 923 2489 1002; baseline 0.001 -18"><span class='ocrx_word' id='word_1_25' title='bbox 490 923 822 1000; x_wconf 84' lang='lat' dir='ltr'>lanigerae</span> <span class='ocrx_word' id='word_1_26' title='bbox 859 929 1129 1002; x_wconf 84' lang='lat' dir='ltr'>reptant</span> <span class='ocrx_word' id='word_1_27' title='bbox 1165 925 1448 1001; x_wconf 88' lang='lat' dir='ltr'>pecudes</span> <span class='ocrx_word' id='word_1_28' title='bbox 1481 943 1613 1001; x_wconf 92' lang='lat' dir='ltr'>quo</span> <span class='ocrx_word' id='word_1_29' title='bbox 1647 933 2131 1001; x_wconf 88' lang='lat' dir='ltr'>quam&lt;que&gt;</span> <span class='ocrx_word' id='word_1_30' title='bbox 2176 929 2489 986; x_wconf 85' lang='lat' dir='ltr'>uocantes</span> 
     </span>
     <span class='ocr_line' id='line_1_6' title="bbox 491 1032 1976 1111; baseline 0.001 -18"><span class='ocrx_word' id='word_1_31' title='bbox 491 1032 787 1095; x_wconf 89' lang='lat' dir='ltr'>inuitant</span> <span class='ocrx_word' id='word_1_32' title='bbox 820 1034 1058 1096; x_wconf 86' lang='lat' dir='ltr'>herbae</span> <span class='ocrx_word' id='word_1_33' title='bbox 1092 1041 1494 1111; x_wconf 86' lang='lat' dir='ltr'>gemmantes</span> <span class='ocrx_word' id='word_1_34' title='bbox 1525 1053 1673 1096; x_wconf 90' lang='lat' dir='ltr'>rore</span> <span class='ocrx_word' id='word_1_35' title='bbox 1708 1033 1976 1110; x_wconf 80' lang='lat' dir='ltr'>recenti,</span> 
     </span>
     <span class='ocr_line' id='line_1_7' title="bbox 493 1138 2805 1220; baseline 0 -15"><span class='ocrx_word' id='word_1_36' title='bbox 493 1149 556 1205; x_wconf 90' lang='lat' dir='ltr'>et</span> <span class='ocrx_word' id='word_1_37' title='bbox 589 1142 816 1205; x_wconf 87' lang='lat' dir='ltr'>satiati</span> <span class='ocrx_word' id='word_1_38' title='bbox 848 1143 1004 1220; x_wconf 88' lang='lat' dir='ltr'>agni</span> <span class='ocrx_word' id='word_1_39' title='bbox 1034 1143 1281 1205; x_wconf 89' lang='lat' dir='ltr'>ludunt</span> <span class='ocrx_word' id='word_1_40' title='bbox 1308 1144 1679 1220; x_wconf 86' lang='lat' dir='ltr'>blandeque</span> <span class='ocrx_word' id='word_1_41' title='bbox 1710 1150 2077 1206; x_wconf 88' lang='lat' dir='ltr'>coruscant.</span> <span class='ocrx_word' id='word_1_42' title='bbox 2707 1138 2805 1188; x_wconf 86' lang='lat'>320</span> 
     </span>
     <span class='ocr_line' id='line_1_8' title="bbox 493 1251 2007 1330; baseline 0.001 -17"><span class='ocrx_word' id='word_1_43' title='bbox 493 1252 711 1315; x_wconf 87' lang='lat' dir='ltr'>omnia</span> <span class='ocrx_word' id='word_1_44' title='bbox 742 1273 908 1329; x_wconf 89' lang='lat' dir='ltr'>quae</span> <span class='ocrx_word' id='word_1_45' title='bbox 940 1253 1126 1315; x_wconf 89' lang='lat' dir='ltr'>nobis</span> <span class='ocrx_word' id='word_1_46' title='bbox 1157 1253 1347 1330; x_wconf 93' lang='lat' dir='ltr'>longe</span> <span class='ocrx_word' id='word_1_47' title='bbox 1378 1251 1657 1316; x_wconf 81' lang='lat' dir='ltr'>confusa</span> <span class='ocrx_word' id='word_1_48' title='bbox 1687 1252 2007 1315; x_wconf 86' lang='lat' dir='ltr'>uidentur</span> 
     </span>
     <span class='ocr_line' id='line_1_9' title="bbox 494 1361 2002 1427; baseline 0 -3"><span class='ocrx_word' id='word_1_49' title='bbox 494 1369 558 1424; x_wconf 91' lang='lat' dir='ltr'>et</span> <span class='ocrx_word' id='word_1_50' title='bbox 587 1362 799 1425; x_wconf 90' lang='lat' dir='ltr'>ueluti</span> <span class='ocrx_word' id='word_1_51' title='bbox 831 1362 901 1423; x_wconf 91' lang='lat' dir='ltr'>in</span> <span class='ocrx_word' id='word_1_52' title='bbox 932 1361 1138 1424; x_wconf 89' lang='lat' dir='ltr'>uiridi</span> <span class='ocrx_word' id='word_1_53' title='bbox 1171 1364 1418 1425; x_wconf 87' lang='lat' dir='ltr'>candor</span> <span class='ocrx_word' id='word_1_54' title='bbox 1449 1363 1801 1427; x_wconf 82' lang='lat' dir='ltr'>consistere</span> <span class='ocrx_word' id='word_1_55' title='bbox 1834 1362 2002 1425; x_wconf 88' lang='lat' dir='ltr'>colli.</span> 
     </span>
     <span class='ocr_line' id='line_1_10' title="bbox 409 1472 2060 1550; baseline 0.001 -18"><span class='ocrx_word' id='word_1_56' title='bbox 409 1477 838 1548; x_wconf 87' lang='lat' dir='ltr'>—praeterea</span> <span class='ocrx_word' id='word_1_57' title='bbox 871 1492 1146 1549; x_wconf 89' lang='lat' dir='ltr'>magnae</span> <span class='ocrx_word' id='word_1_58' title='bbox 1181 1472 1470 1550; x_wconf 87' lang='lat' dir='ltr'>legiones</span> <span class='ocrx_word' id='word_1_59' title='bbox 1503 1493 1652 1534; x_wconf 92' lang='lat' dir='ltr'>cum</span> <span class='ocrx_word' id='word_1_60' title='bbox 1686 1473 1827 1535; x_wconf 87' lang='lat' dir='ltr'>loca</span> <span class='ocrx_word' id='word_1_61' title='bbox 1861 1492 2060 1534; x_wconf 90' lang='lat' dir='ltr'>cursu</span> 
     </span>
     <span class='ocr_line' id='line_1_11' title="bbox 494 1581 2114 1660; baseline 0.001 -17"><span class='ocrx_word' id='word_1_62' title='bbox 494 1600 876 1659; x_wconf 86' lang='lat' dir='ltr'>camporum</span> <span class='ocrx_word' id='word_1_63' title='bbox 911 1581 1240 1660; x_wconf 88' lang='lat' dir='ltr'>complent</span> <span class='ocrx_word' id='word_1_64' title='bbox 1273 1582 1429 1644; x_wconf 90' lang='lat' dir='ltr'>belli</span> <span class='ocrx_word' id='word_1_65' title='bbox 1463 1581 1817 1644; x_wconf 89' lang='lat' dir='ltr'>simulacra</span> <span class='ocrx_word' id='word_1_66' title='bbox 1851 1581 2114 1658; x_wconf 78' lang='lat' dir='ltr'>cienteS,</span> 
     </span>
     <span class='ocr_line' id='line_1_12' title="bbox 495 1685 2809 1768; baseline 0.001 -17"><span class='ocrx_word' id='word_1_67' title='bbox 495 1690 723 1768; x_wconf 81' lang='lat' dir='ltr'>fulgor</span> <span class='ocrx_word' id='word_1_68' title='bbox 753 1691 845 1753; x_wconf 89' lang='lat' dir='ltr'>ibi</span> <span class='ocrx_word' id='word_1_69' title='bbox 877 1692 962 1754; x_wconf 89' lang='lat' dir='ltr'>ad</span> <span class='ocrx_word' id='word_1_70' title='bbox 993 1692 1244 1754; x_wconf 90' lang='lat' dir='ltr'>caelum</span> <span class='ocrx_word' id='word_1_71' title='bbox 1273 1712 1339 1754; x_wconf 91' lang='lat' dir='ltr'>se</span> <span class='ocrx_word' id='word_1_72' title='bbox 1370 1691 1546 1754; x_wconf 92' lang='lat' dir='ltr'>tollit</span> <span class='ocrx_word' id='word_1_73' title='bbox 1575 1698 1846 1768; x_wconf 89' lang='lat' dir='ltr'>totaque</span> <span class='ocrx_word' id='word_1_74' title='bbox 1878 1691 2126 1754; x_wconf 89' lang='lat' dir='ltr'>circum</span> <span class='ocrx_word' id='word_1_75' title='bbox 2709 1685 2809 1735; x_wconf 85' lang='lat'>325</span> 
     </span>
     <span class='ocr_line' id='line_1_13' title="bbox 495 1801 2009 1879; baseline -0.001 -16"><span class='ocrx_word' id='word_1_76' title='bbox 495 1821 644 1864; x_wconf 85' lang='lat' dir='ltr'>aere</span> <span class='ocrx_word' id='word_1_77' title='bbox 676 1801 1028 1864; x_wconf 85' lang='lat' dir='ltr'>renidescit</span> <span class='ocrx_word' id='word_1_78' title='bbox 1063 1802 1258 1864; x_wconf 93' lang='lat' dir='ltr'>tellus</span> <span class='ocrx_word' id='word_1_79' title='bbox 1290 1807 1651 1879; x_wconf 87' lang='lat' dir='ltr'>supterque</span> <span class='ocrx_word' id='word_1_80' title='bbox 1682 1801 1905 1863; x_wconf 89' lang='lat' dir='ltr'>uirum</span> <span class='ocrx_word' id='word_1_81' title='bbox 1937 1801 2009 1863; x_wconf 94' lang='lat' dir='ltr'>ui</span> 
     </span>
     <span class='ocr_line' id='line_1_14' title="bbox 496 1911 2085 1989; baseline 0.001 -18"><span class='ocrx_word' id='word_1_82' title='bbox 496 1911 752 1973; x_wconf 83' lang='lat' dir='ltr'>excitur</span> <span class='ocrx_word' id='word_1_83' title='bbox 788 1911 1066 1988; x_wconf 90' lang='lat' dir='ltr'>pedibus</span> <span class='ocrx_word' id='word_1_84' title='bbox 1101 1911 1354 1973; x_wconf 89' lang='lat' dir='ltr'>sonitus</span> <span class='ocrx_word' id='word_1_85' title='bbox 1388 1911 1797 1989; x_wconf 87' lang='lat' dir='ltr'>clamoreque</span> <span class='ocrx_word' id='word_1_86' title='bbox 1831 1917 2085 1973; x_wconf 91' lang='lat' dir='ltr'>montes</span> 
     </span>
     <span class='ocr_line' id='line_1_15' title="bbox 495 2020 1818 2084; baseline 0.001 -4"><span class='ocrx_word' id='word_1_87' title='bbox 495 2021 612 2083; x_wconf 92' lang='lat' dir='ltr'>icti</span> <span class='ocrx_word' id='word_1_88' title='bbox 644 2021 964 2084; x_wconf 89' lang='lat' dir='ltr'>reiectant</span> <span class='ocrx_word' id='word_1_89' title='bbox 995 2041 1188 2084; x_wconf 89' lang='lat' dir='ltr'>uoces</span> <span class='ocrx_word' id='word_1_90' title='bbox 1217 2022 1303 2084; x_wconf 87' lang='lat' dir='ltr'>ad</span> <span class='ocrx_word' id='word_1_91' title='bbox 1334 2020 1554 2084; x_wconf 87' lang='lat' dir='ltr'>sidera</span> <span class='ocrx_word' id='word_1_92' title='bbox 1582 2020 1818 2083; x_wconf 91' lang='lat' dir='ltr'>mundi</span> 
     </span>
     <span class='ocr_line' id='line_1_16' title="bbox 496 2130 2123 2208; baseline 0.001 -17"><span class='ocrx_word' id='word_1_93' title='bbox 496 2137 560 2192; x_wconf 90' lang='lat' dir='ltr'>et</span> <span class='ocrx_word' id='word_1_94' title='bbox 593 2130 1129 2193; x_wconf 87' lang='lat' dir='ltr'>circumuolitant</span> <span class='ocrx_word' id='word_1_95' title='bbox 1164 2130 1417 2207; x_wconf 86' lang='lat' dir='ltr'>equites</span> <span class='ocrx_word' id='word_1_96' title='bbox 1447 2131 1821 2207; x_wconf 92' lang='lat' dir='ltr'>mediosque</span> <span class='ocrx_word' id='word_1_97' title='bbox 1852 2136 2123 2208; x_wconf 85' lang='lat' dir='ltr'>repente</span> 
     </span>
     <span class='ocr_line' id='line_1_17' title="bbox 495 2234 2809 2319; baseline -0 -16"><span class='ocrx_word' id='word_1_98' title='bbox 495 2240 885 2305; x_wconf 86' lang='lat' dir='ltr'>tramittunt</span> <span class='ocrx_word' id='word_1_99' title='bbox 921 2240 1147 2304; x_wconf 85' lang='lat' dir='ltr'>ualido</span> <span class='ocrx_word' id='word_1_100' title='bbox 1183 2239 1555 2318; x_wconf 85' lang='lat' dir='ltr'>quatientes</span> <span class='ocrx_word' id='word_1_101' title='bbox 1589 2239 1832 2319; x_wconf 89' lang='lat' dir='ltr'>impete</span> <span class='ocrx_word' id='word_1_102' title='bbox 1869 2259 2151 2318; x_wconf 87' lang='lat' dir='ltr'>campos.</span> <span class='ocrx_word' id='word_1_103' title='bbox 2710 2234 2809 2285; x_wconf 87' lang='lat'>330</span> 
     </span>
     <span class='ocr_line' id='line_1_18' title="bbox 412 2350 2392 2428; baseline -0.001 -14"><span class='ocrx_word' id='word_1_104' title='bbox 412 2358 561 2414; x_wconf 90' lang='lat' dir='ltr'>—et</span> <span class='ocrx_word' id='word_1_105' title='bbox 596 2358 818 2413; x_wconf 90' lang='lat' dir='ltr'>tamen</span> <span class='ocrx_word' id='word_1_106' title='bbox 852 2357 949 2414; x_wconf 91' lang='lat' dir='ltr'>est</span> <span class='ocrx_word' id='word_1_107' title='bbox 984 2350 1253 2428; x_wconf 89' lang='lat' dir='ltr'>quidam</span> <span class='ocrx_word' id='word_1_108' title='bbox 1286 2352 1466 2413; x_wconf 88' lang='lat' dir='ltr'>locus</span> <span class='ocrx_word' id='word_1_109' title='bbox 1502 2350 1656 2413; x_wconf 89' lang='lat' dir='ltr'>altis</span> <span class='ocrx_word' id='word_1_110' title='bbox 1688 2350 2023 2413; x_wconf 91' lang='lat' dir='ltr'>montibus</span> <span class='ocrx_word' id='word_1_111' title='bbox 2067 2351 2392 2423; x_wconf 92' lang='lat' dir='ltr'>&lt;unde&gt;</span> 
     </span>
     <span class='ocr_line' id='line_1_19' title="bbox 497 2459 2164 2539; baseline 0 -17"><span class='ocrx_word' id='word_1_112' title='bbox 497 2467 672 2524; x_wconf 89' lang='lat' dir='ltr'>stare</span> <span class='ocrx_word' id='word_1_113' title='bbox 703 2460 1024 2524; x_wconf 90' lang='lat' dir='ltr'>uidentur</span> <span class='ocrx_word' id='word_1_114' title='bbox 1056 2468 1120 2523; x_wconf 92' lang='lat' dir='ltr'>et</span> <span class='ocrx_word' id='word_1_115' title='bbox 1151 2460 1221 2521; x_wconf 89' lang='lat' dir='ltr'>in</span> <span class='ocrx_word' id='word_1_116' title='bbox 1253 2460 1501 2539; x_wconf 78' lang='lat' dir='ltr'>campis</span> <span class='ocrx_word' id='word_1_117' title='bbox 1532 2459 1885 2523; x_wconf 89' lang='lat' dir='ltr'>consistere</span> <span class='ocrx_word' id='word_1_118' title='bbox 1919 2459 2164 2537; x_wconf 76' lang='lat' dir='ltr'>fulgor.</span> 
     </span>
    </p>
   </div>
   <div class='ocr_carea' id='block_1_3' title="bbox 624 2827 2458 2995">
    <p class='ocr_par' dir='ltr' id='par_1_3' title="bbox 624 2827 2458 2995">
     <span class='ocr_line' id='line_1_20' title="bbox 1102 2827 2020 2879; baseline 0.001 -3"><span class='ocrx_word' id='word_1_119' title='bbox 1102 2828 1202 2877; x_wconf 89' lang='lat' dir='ltr'>DE</span> <span class='ocrx_word' id='word_1_120' title='bbox 1247 2827 1536 2879; x_wconf 79' lang='lat' dir='ltr'><strong>FIGVRA</strong></span> <span class='ocrx_word' id='word_1_121' title='bbox 1581 2828 2020 2879; x_wconf 83' lang='lat' dir='ltr'><strong>ATOMORVM</strong></span> 
     </span>
     <span class='ocr_line' id='line_1_21' title="bbox 624 2916 2458 2995; baseline 0.001 -18"><span class='ocrx_word' id='word_1_122' title='bbox 624 2916 818 2979; x_wconf 92' lang='lat' dir='ltr'>Nunc</span> <span class='ocrx_word' id='word_1_123' title='bbox 851 2938 969 2995; x_wconf 86' lang='lat' dir='ltr'>age</span> <span class='ocrx_word' id='word_1_124' title='bbox 1005 2917 1133 2979; x_wconf 90' lang='lat' dir='ltr'>iam</span> <span class='ocrx_word' id='word_1_125' title='bbox 1166 2918 1474 2995; x_wconf 88' lang='lat' dir='ltr'>deinceps</span> <span class='ocrx_word' id='word_1_126' title='bbox 1508 2925 1899 2980; x_wconf 87' lang='lat' dir='ltr'>cunctarum</span> <span class='ocrx_word' id='word_1_127' title='bbox 1933 2916 2204 2981; x_wconf 82' lang='lat' dir='ltr'>exordia</span> <span class='ocrx_word' id='word_1_128' title='bbox 2234 2937 2458 2979; x_wconf 85' lang='lat' dir='ltr'>rerum</span> 
     </span>
    </p>
   </div>
   <div class='ocr_carea' id='block_1_4' title="bbox 417 3026 2994 3872">
    <p class='ocr_par' dir='ltr' id='par_1_4' title="bbox 501 3026 2057 3105">
     <span class='ocr_line' id='line_1_22' title="bbox 501 3026 2057 3105; baseline 0.001 -17"><span class='ocrx_word' id='word_1_129' title='bbox 501 3026 724 3103; x_wconf 87' lang='lat' dir='ltr'>qualia</span> <span class='ocrx_word' id='word_1_130' title='bbox 755 3027 888 3089; x_wconf 89' lang='lat' dir='ltr'>sint</span> <span class='ocrx_word' id='word_1_131' title='bbox 921 3034 984 3090; x_wconf 91' lang='lat' dir='ltr'>et</span> <span class='ocrx_word' id='word_1_132' title='bbox 1018 3048 1214 3105; x_wconf 84' lang='lat' dir='ltr'>quam</span> <span class='ocrx_word' id='word_1_133' title='bbox 1245 3027 1434 3105; x_wconf 90' lang='lat' dir='ltr'>longe</span> <span class='ocrx_word' id='word_1_134' title='bbox 1466 3026 1790 3090; x_wconf 87' lang='lat' dir='ltr'>distantia</span> <span class='ocrx_word' id='word_1_135' title='bbox 1824 3026 2057 3089; x_wconf 81' lang='lat' dir='ltr'>formis</span> 
     </span>
    </p>

    <p class='ocr_par' dir='ltr' id='par_1_5' title="bbox 417 3132 2812 3323">
     <span class='ocr_line' id='line_1_23' title="bbox 500 3132 2812 3214; baseline 0 -17"><span class='ocrx_word' id='word_1_136' title='bbox 500 3135 785 3213; x_wconf 89' lang='lat' dir='ltr'>percipe,</span> <span class='ocrx_word' id='word_1_137' title='bbox 819 3136 1200 3213; x_wconf 89' lang='lat' dir='ltr'>multigenis</span> <span class='ocrx_word' id='word_1_138' title='bbox 1234 3157 1430 3214; x_wconf 87' lang='lat' dir='ltr'>quam</span> <span class='ocrx_word' id='word_1_139' title='bbox 1465 3137 1599 3199; x_wconf 91' lang='lat' dir='ltr'>sint</span> <span class='ocrx_word' id='word_1_140' title='bbox 1632 3136 1900 3199; x_wconf 86' lang='lat' dir='ltr'>uariata</span> <span class='ocrx_word' id='word_1_141' title='bbox 1927 3136 2195 3213; x_wconf 83' lang='lat' dir='ltr'>figuris3</span> <span class='ocrx_word' id='word_1_142' title='bbox 2713 3132 2812 3181; x_wconf 86' lang='lat'>335</span> 
     </span>
     <span class='ocr_line' id='line_1_24' title="bbox 417 3244 2313 3323; baseline 0.001 -16"><span class='ocrx_word' id='word_1_143' title='bbox 417 3267 633 3307; x_wconf 90' lang='lat' dir='ltr'>—non</span> <span class='ocrx_word' id='word_1_144' title='bbox 664 3266 793 3323; x_wconf 94' lang='lat' dir='ltr'>quo</span> <span class='ocrx_word' id='word_1_145' title='bbox 824 3246 1034 3308; x_wconf 92' lang='lat' dir='ltr'>multa</span> <span class='ocrx_word' id='word_1_146' title='bbox 1068 3267 1306 3323; x_wconf 88' lang='lat' dir='ltr'>parum</span> <span class='ocrx_word' id='word_1_147' title='bbox 1339 3246 1536 3308; x_wconf 88' lang='lat' dir='ltr'>simili</span> <span class='ocrx_word' id='word_1_148' title='bbox 1567 3246 1704 3308; x_wconf 91' lang='lat' dir='ltr'>sint</span> <span class='ocrx_word' id='word_1_149' title='bbox 1738 3246 2044 3323; x_wconf 85' lang='lat' dir='ltr'>praedita</span> <span class='ocrx_word' id='word_1_150' title='bbox 2079 3244 2313 3321; x_wconf 81' lang='lat' dir='ltr'>forma,</span> 
     </span>
    </p>

    <p class='ocr_par' dir='ltr' id='par_1_6' title="bbox 499 3355 2355 3433">
     <span class='ocr_line' id='line_1_25' title="bbox 499 3355 2355 3433; baseline 0 -16"><span class='ocrx_word' id='word_1_151' title='bbox 499 3357 613 3419; x_wconf 89' lang='lat' dir='ltr'>sed</span> <span class='ocrx_word' id='word_1_152' title='bbox 646 3355 801 3432; x_wconf 89' lang='lat' dir='ltr'>quia</span> <span class='ocrx_word' id='word_1_153' title='bbox 831 3376 963 3416; x_wconf 94' lang='lat' dir='ltr'>non</span> <span class='ocrx_word' id='word_1_154' title='bbox 995 3355 1192 3433; x_wconf 88' lang='lat' dir='ltr'>uolgo</span> <span class='ocrx_word' id='word_1_155' title='bbox 1222 3356 1413 3432; x_wconf 87' lang='lat' dir='ltr'>paria</span> <span class='ocrx_word' id='word_1_156' title='bbox 1445 3355 1747 3417; x_wconf 88' lang='lat' dir='ltr'>omnibus</span> <span class='ocrx_word' id='word_1_157' title='bbox 1780 3356 1999 3418; x_wconf 87' lang='lat' dir='ltr'>omnia</span> <span class='ocrx_word' id='word_1_158' title='bbox 2032 3361 2355 3418; x_wconf 91' lang='lat' dir='ltr'>constant.</span> 
     </span>
    </p>

    <p class='ocr_par' dir='ltr' id='par_1_7' title="bbox 501 3464 2110 3542">
     <span class='ocr_line' id='line_1_26' title="bbox 501 3464 2110 3542; baseline 0.001 -16"><span class='ocrx_word' id='word_1_159' title='bbox 501 3486 618 3528; x_wconf 76' lang='lat' dir='ltr'>nec</span> <span class='ocrx_word' id='word_1_160' title='bbox 649 3464 926 3541; x_wconf 79' lang='lat' dir='ltr'>mirum3</span> <span class='ocrx_word' id='word_1_161' title='bbox 958 3485 1111 3528; x_wconf 90' lang='lat' dir='ltr'>nam</span> <span class='ocrx_word' id='word_1_162' title='bbox 1144 3485 1291 3527; x_wconf 89' lang='lat' dir='ltr'>cum</span> <span class='ocrx_word' id='word_1_163' title='bbox 1322 3465 1408 3527; x_wconf 90' lang='lat' dir='ltr'>sit</span> <span class='ocrx_word' id='word_1_164' title='bbox 1439 3485 1665 3529; x_wconf 90' lang='lat' dir='ltr'>eorum</span> <span class='ocrx_word' id='word_1_165' title='bbox 1698 3465 1888 3542; x_wconf 88' lang='lat' dir='ltr'>copia</span> <span class='ocrx_word' id='word_1_166' title='bbox 1918 3472 2110 3527; x_wconf 85' lang='lat' dir='ltr'>tanta</span> 
     </span>
    </p>

    <p class='ocr_par' dir='ltr' id='par_1_8' title="bbox 500 3574 2232 3652">
     <span class='ocr_line' id='line_1_27' title="bbox 500 3574 2232 3652; baseline -0.001 -14"><span class='ocrx_word' id='word_1_167' title='bbox 500 3582 577 3638; x_wconf 91' lang='lat' dir='ltr'>ut</span> <span class='ocrx_word' id='word_1_168' title='bbox 608 3595 818 3652; x_wconf 92' lang='lat' dir='ltr'>neque</span> <span class='ocrx_word' id='word_1_169' title='bbox 849 3574 1026 3651; x_wconf 69' lang='lat' dir='ltr'>finis5</span> <span class='ocrx_word' id='word_1_170' title='bbox 1051 3575 1154 3637; x_wconf 91' lang='lat' dir='ltr'>uti</span> <span class='ocrx_word' id='word_1_171' title='bbox 1185 3575 1397 3651; x_wconf 88' lang='lat' dir='ltr'>docui,</span> <span class='ocrx_word' id='word_1_172' title='bbox 1428 3595 1639 3651; x_wconf 92' lang='lat' dir='ltr'>neque</span> <span class='ocrx_word' id='word_1_173' title='bbox 1672 3594 1925 3637; x_wconf 88' lang='lat' dir='ltr'>summa</span> <span class='ocrx_word' id='word_1_174' title='bbox 1956 3574 2043 3637; x_wconf 90' lang='lat' dir='ltr'>sit</span> <span class='ocrx_word' id='word_1_175' title='bbox 2074 3574 2232 3651; x_wconf 87' lang='lat' dir='ltr'>ulla,</span> 
     </span>
    </p>

    <p class='ocr_par' dir='ltr' id='par_1_9' title="bbox 500 3679 2812 3763">
     <span class='ocr_line' id='line_1_28' title="bbox 500 3679 2812 3763; baseline -0.001 -16"><span class='ocrx_word' id='word_1_176' title='bbox 500 3686 739 3747; x_wconf 90' lang='lat' dir='ltr'>debent</span> <span class='ocrx_word' id='word_1_177' title='bbox 769 3684 1083 3746; x_wconf 90' lang='lat' dir='ltr'>nimirum</span> <span class='ocrx_word' id='word_1_178' title='bbox 1115 3706 1247 3746; x_wconf 94' lang='lat' dir='ltr'>non</span> <span class='ocrx_word' id='word_1_179' title='bbox 1279 3685 1579 3747; x_wconf 89' lang='lat' dir='ltr'>omnibus</span> <span class='ocrx_word' id='word_1_180' title='bbox 1611 3684 1829 3747; x_wconf 87' lang='lat' dir='ltr'>omnia</span> <span class='ocrx_word' id='word_1_181' title='bbox 1861 3704 2166 3763; x_wconf 90' lang='lat' dir='ltr'>prorsum</span> <span class='ocrx_word' id='word_1_182' title='bbox 2714 3679 2812 3730; x_wconf 90' lang='lat'>340</span> 
     </span>
    </p>

    <p class='ocr_par' dir='ltr' id='par_1_10' title="bbox 501 3788 2994 3872">
     <span class='ocr_line' id='line_1_29' title="bbox 501 3788 2994 3872; baseline 0 -17"><span class='ocrx_word' id='word_1_183' title='bbox 501 3814 634 3856; x_wconf 89' lang='lat' dir='ltr'>esse</span> <span class='ocrx_word' id='word_1_184' title='bbox 666 3794 816 3872; x_wconf 89' lang='lat' dir='ltr'>pari</span> <span class='ocrx_word' id='word_1_185' title='bbox 845 3794 956 3857; x_wconf 91' lang='lat' dir='ltr'>filo</span> <span class='ocrx_word' id='word_1_186' title='bbox 985 3788 1311 3872; x_wconf 85' lang='lat' dir='ltr'>similique</span> <span class='ocrx_word' id='word_1_187' title='bbox 1342 3794 1611 3857; x_wconf 76' lang='lat' dir='ltr'>adfecta</span> <span class='ocrx_word' id='word_1_188' title='bbox 1631 3794 1871 3871; x_wconf 83' lang='lat' dir='ltr'>figura.</span> <span class='ocrx_word' id='word_1_189' title='bbox 1988 3825 1994 3835; x_wconf 78' lang='lat'>=</span> <span class='ocrx_word' id='word_1_190' title='bbox 2954 3816 2994 3847; x_wconf 64' lang='grc' dir='ltr'>ο·</span> 
     </span>
    </p>
   </div>
   <div class='ocr_carea' id='block_1_5' title="bbox 522 3924 983 3989">
    <p class='ocr_par' dir='ltr' id='par_1_11' title="bbox 522 3924 983 3989">
     <span class='ocr_line' id='line_1_30' title="bbox 522 3924 983 3989; baseline 0 -12"><span class='ocrx_word' id='word_1_191' title='bbox 522 3926 623 3977; x_wconf 85' lang='grc'>322</span> <span class='ocrx_word' id='word_1_192' title='bbox 643 3926 789 3989; x_wconf 62' lang='lat' dir='ltr'>vulg.</span> <span class='ocrx_word' id='word_1_193' title='bbox 822 3924 983 3977; x_wconf 89' lang='lat' dir='ltr'>velut</span> 
     </span>
    </p>
   </div>
   <div class='ocr_carea' id='block_1_6' title="bbox 1514 4156 1690 4211">
    <p class='ocr_par' dir='ltr' id='par_1_12' title="bbox 1514 4156 1690 4211">
     <span class='ocr_line' id='line_1_31' title="bbox 1514 4156 1690 4211; baseline 0 0"><span class='ocrx_word' id='word_1_194' title='bbox 1514 4156 1629 4211; x_wconf 89' lang='grc'>[50]</span> <span class='ocrx_word' id='word_1_195' title='bbox 1686 4159 1690 4165; x_wconf 83' lang='grc'><strong><em>’</em></strong></span> 
     </span>
    </p>
   </div>
  </div>
 </body>
</html>
