3182 4602
1243 360 1304 410 Τ.
1346 360 1673 412 LVGRETI
1712 359 1891 412 CARI

499 575 828 652 posterius
857 575 934 638 fit
968 575 1089 652 uti,
1127 596 1275 638 cum
1311 575 1442 638 iam
1479 575 1768 638 cecidere
1802 575 2043 638 ueneni

497 685 570 746 in
600 684 810 748 fontis
839 684 1033 764 ipsos,
1067 685 1158 748 ibi
1189 685 1276 748 sit
1307 706 1564 762 quoque
1596 685 1741 748 uita
1772 685 2097 748 uomenda

499 802 854 873 propterea
885 796 1061 873 quod
1093 816 1334 873 magna
1368 795 1526 857 mali
1558 795 1638 857 fit
1670 795 1862 873 copia
1894 794 2160 857 circum.

536 905 739 967 —Fit
771 925 1028 982 quoque
1060 911 1137 968 ut
1171 905 1507 968 interdum
1538 905 1646 967 uis
1675 906 1833 968 haec
1867 912 2064 982 atque
2098 911 2317 968 aestus
2347 904 2606 967 Auerni
2709 902 2810 951 830

500 1035 671 1092 aera,
709 1015 824 1092 qui
859 1015 1034 1077 inter
1069 1014 1213 1078 auis
1245 1022 1586 1093 cumquest
1621 1023 1997 1091 terramque
2031 1014 2304 1091 locatuS,

499 1125 833 1202 discutiat,
870 1145 1077 1203 prope
1112 1124 1215 1187 uti
1249 1125 1429 1188 locus
1462 1124 1569 1186 hic
1605 1123 1952 1203 linquatur
1988 1124 2224 1187 inanis.

499 1234 687 1297 cuius
718 1235 835 1298 ubi
867 1256 900 1298 e
935 1235 1199 1313 regione
1231 1235 1357 1297 loci
1388 1254 1629 1298 uenere
1663 1234 1971 1311 uolantiS,

500 1344 829 1408 claudicat
866 1345 1196 1423 extemplo
1229 1344 1589 1422 pinnarum
1626 1344 1809 1407 nisus
1845 1344 2063 1406 inanis

500 1461 563 1518 et
596 1475 909 1518 conamen
940 1455 1275 1532 utrimque
1311 1455 1568 1518 alarum
1603 1455 1913 1533 proditur
1948 1463 2153 1516 omne'.
2710 1452 2812 1501 835

499 1563 604 1627 hic
638 1563 754 1627 ubi
787 1564 1008 1627 nixari
1040 1571 1378 1642 nequeunt
1413 1564 1843 1642 insistereque
1882 1564 2021 1642 alis,

500 1673 745 1737 scilicet
780 1673 851 1736 in
884 1680 1132 1737 terram
1169 1675 1386 1737 delabi
1422 1675 1711 1753 pondere
1746 1675 1920 1752 cogit

500 1792 762 1861 natura,
797 1791 862 1848 et
893 1805 1180 1847 uacuum
1213 1804 1420 1862 prope
1453 1783 1584 1847 iam
1618 1805 1738 1862 per
1769 1784 1965 1848 inane
1999 1783 2284 1847 iacentes

500 1893 894 1972 dispergunt
929 1894 1181 1957 animas
1217 1913 1337 1972 per
1372 1894 1595 1957 caulas
1632 1893 1927 1971 corporis
1962 1894 2188 1956 omnis.

1597 2003 1632 2039 ὓ

680 2279 827 2330 CVR
857 2279 1068 2345 AQVA
1095 2280 1184 2330 IN
1212 2280 1484 2331 PVTEIS
1516 2279 1915 2331 FRIGIDIOR
1946 2279 2065 2330 SIT
2096 2279 2441 2331 AESTATE

503 2367 814 2446 frigidior
845 2389 1047 2447 porro
1076 2369 1146 2430 in
1179 2369 1399 2447 puteis
1429 2376 1676 2433 aestate
1706 2369 1782 2432 fit
1812 2390 2021 2446 umor,
2712 2367 2814 2415 840

502 2478 737 2542 arescit
774 2479 930 2555 quia
965 2487 1147 2542 terra
1183 2480 1396 2543 calore
1434 2487 1498 2543 et
1536 2479 1744 2542 semin
1757 2489 1991 2551 <na>
2039 2478 2230 2556 siqua

502 2587 676 2651 forte
709 2589 980 2665 uaporis
1015 2590 1230 2665 habet,
1267 2609 1547 2667 propere
1583 2589 1864 2652 dimittit
1900 2590 1971 2650 in
2008 2610 2239 2652 auras,-

502 2717 632 2774 quo
659 2698 868 2776 magis
899 2705 995 2760 est
1026 2698 1236 2776 igitur
1264 2680 1462 2761 tellus
1490 2700 1688 2762 effeta
1720 2700 1951 2775 calore,

500 2806 576 2869 fit
607 2827 864 2885 quoque
896 2807 1208 2885 frigidior
1240 2809 1355 2886 qui
1387 2809 1457 2870 in
1488 2815 1734 2872 terrast
1766 2809 2031 2873 abditus
2063 2829 2271 2872 umor.

503 2916 752 2995 frigore
784 2938 931 2980 cum
962 2918 1289 2996 premitur
1321 2939 1519 2997 porro
1551 2919 1763 2981 omnis
1790 2927 1974 2983 terra
2002 2918 2259 2996 coitque
2713 2918 2816 2966 845

502 3034 566 3089 et
600 3027 788 3105 quasi
823 3028 1198 3104 concrescit,
1231 3028 1307 3090 fit
1341 3029 1588 3092 scilicet
1624 3029 1695 3090 in
1730 3030 2025 3092 coeundo
2065 3035 2289 3101 <ut>

503 3136 831 3215 exprimat
868 3137 939 3198 in
978 3145 1210 3215 puteos
1247 3138 1302 3200 si
1339 3159 1531 3215 quem
1569 3138 1741 3216 gerit
1780 3138 1926 3217 ipsa
1962 3140 2260 3201 calorem.

1061 3328 1160 3377 DE
1200 3328 1452 3378 FONTE
1494 3329 1599 3379 AD
1641 3329 2063 3380 HAMMONIS

629 3417 788 3479 Esse
826 3417 1005 3495 apud
1043 3417 1432 3480 Hammonis
1469 3417 1705 3493 fanum
1741 3418 1893 3509 fons
1927 3419 2071 3482 luce
2108 3418 2351 3482 diurna

505 3524 794 3604 frigidus
827 3533 891 3590 et
923 3526 1177 3589 calidus
1210 3535 1536 3590 nocturno
1567 3535 1859 3605 tempore
1894 3528 2133 3591 fertur.

501 3636 677 3698 hunc
709 3636 1003 3700 homines
1036 3636 1289 3700 fontem
1322 3636 1518 3699 nimis
1553 3638 1973 3700 admirantur
2006 3645 2070 3701 et
2104 3638 2241 3701 acri
2712 3637 2815 3686 850

502 3745 632 3808 sole
665 3753 909 3823 putant
943 3754 1173 3825 supter
1205 3751 1419 3809 terras
1454 3746 1821 3810 feruescere
1856 3747 2122 3825 partim,

524 3877 622 3925 841
645 3877 790 3937 vulg).
823 3878 1062 3928 rarescit
1103 3917 1114 3928 .
1157 3916 1167 3927 .
1209 3916 1220 3927 .
1260 3879 1456 3941 siquae

525 3944 625 3993 842
646 3946 873 4009 proprie
943 3946 1077 4007 fort.
1111 3960 1281 4009 prope
1314 3945 1424 3994 iam

526 4013 627 4060 846
646 4012 792 4073 vulg.
825 4016 888 4062 ut
917 4013 1156 4063 coeundo

526 4079 625 4129 851
647 4080 791 4140 vulg.
824 4079 1028 4143 raptim

1493 4149 1641 4200 [243]
