3182 4602
1263 327 1324 376 T.
1363 327 1687 377 LVCRETI
1724 327 1901 378 CARI

520 545 658 602 tam
689 539 986 603 mortalis
1021 540 1148 604 erit
1183 561 1380 618 quam
1414 562 1580 619 quae
1616 541 1971 606 manifesta
2004 542 2309 606 uidemus

522 670 601 712 ex
635 649 840 720 oculis
871 650 1116 714 nostris
1151 650 1374 728 aliqua
1405 651 1478 714 ui
1508 651 1691 715 uicta
1725 652 1962 730 perire.

435 766 591 822 ——at
618 780 829 837 neque
856 760 1184 824 reccidere
1213 762 1298 824 ad
1327 761 1611 824 nihilum
1641 782 1747 826 res
1772 782 1957 840 posse
1986 783 2197 840 neque
2228 768 2449 826 autem

521 889 807 932 crescere
841 871 920 932 de
954 870 1164 934 nihilo
1195 876 1401 934 testor
1435 891 1542 934 res
1572 878 1726 934 ante
1759 873 2090 949 probatas.

435 986 864 1056 —praeterea
899 980 1208 1058 quoniam
1240 981 1424 1044 cibus
1455 988 1654 1059 auget
1685 1001 1925 1060 corpus
1956 981 2225 1059 alitque,

523 1089 687 1152 scire
717 1090 872 1154 licet
903 1090 1090 1153 nobis
1122 1111 1326 1154 uenas
1358 1097 1422 1154 et
1454 1111 1752 1169 sanguen
1785 1098 1849 1155 et
1884 1111 2113 1154 ossa—

523 1199 663 1263 siue
696 1199 872 1262 cibos
906 1200 1116 1263 omnis
1150 1200 1500 1264 commixto
1532 1221 1805 1279 corpore
1838 1200 2062 1264 dicent

523 1329 656 1372 esse
701 1316 924 1381 <e>t
959 1310 1196 1373 habere
1232 1310 1304 1372 in
1337 1330 1403 1372 se
1439 1330 1799 1373 neruorum
1834 1330 2112 1388 corpora
2147 1331 2361 1388 parua

524 1438 794 1496 ossaque
830 1426 894 1482 et
929 1419 1193 1484 omnino
1226 1440 1432 1483 uenas
1464 1419 1805 1498 partisque
1840 1420 2113 1497 cruoris,

522 1529 635 1592 fiet
668 1529 770 1592 uti
802 1529 990 1592 cibus
1018 1530 1228 1593 omnis
1260 1538 1325 1594 et
1356 1530 1586 1593 aridus
1620 1537 1685 1593 et
1717 1529 1935 1607 liquor
1968 1530 2108 1607 ipse

525 1658 604 1700 ex
635 1638 1022 1717 alienigenis
1053 1641 1248 1703 rebus
1279 1646 1578 1703 constare
1613 1645 1907 1717 putetur,

526 1748 776 1812 ossibus
809 1757 874 1812 et
907 1750 1134 1812 neruis
1167 1749 1475 1827 sanieque
1511 1757 1575 1813 et
1612 1749 1932 1827 sanguine
1966 1749 2193 1812 mixta.

523 1865 870 1935 praeterea
902 1879 1347 1936 quaecumque
1382 1880 1414 1921 e
1447 1866 1629 1923 terra
1663 1879 1940 1937 corpora
1974 1866 2277 1922 crescunt

523 1967 580 2030 si
609 1975 766 2032 sunt
798 1969 871 2031 in
900 1969 1118 2046 terriS,
1149 1976 1396 2032 terram
1427 1977 1728 2033 constare
1760 1976 2081 2032 necessest

526 2099 604 2140 ex
637 2078 1041 2156 alienigeniS,
1077 2099 1243 2156 quae
1277 2079 1473 2142 terris
1506 2079 1918 2143 exoriuntur.

525 2188 822 2252 transfer
852 2189 1028 2266 item,
1060 2189 1334 2252 totidem
1363 2189 1588 2252 uerbis
1613 2196 1808 2253 utare
1833 2188 2075 2252 licebit.

526 2299 597 2361 in
630 2299 829 2377 lignis
863 2299 918 2362 si
952 2299 1214 2363 flamma
1247 2300 1410 2363 latet
1445 2298 1799 2377 fumusque
1834 2299 2146 2377 cinisque,

526 2431 604 2473 ex
635 2409 1022 2488 alienigenis
1053 2409 1414 2472 consistant
1444 2409 1629 2487 ligna
1659 2417 1995 2473 necessest.

441 2526 871 2597 —praeterea
898 2521 1095 2582 tellus
1125 2539 1290 2597 quae
1321 2539 1600 2597 corpora
1628 2540 1904 2597 cumque
1936 2520 2057 2582 alit
2086 2526 2284 2598 auget

529 2651 608 2693 ex
642 2629 1028 2707 alienigenis
1063 2629 1431 2706 alienigena
1465 2629 1876 2693 exoriuntur.

567 2739 1015 2817 —Linquitur
1047 2740 1153 2801 hic
1189 2740 1511 2816 quaedam
1547 2739 1863 2802 latitandi
1899 2739 2088 2817 copia
2123 2738 2361 2815 tenuiS,

527 2849 598 2911 id
630 2850 806 2927 quod
836 2850 1270 2927 Anaxagoras
1303 2848 1427 2911 sibi
1459 2849 1679 2926 sumit,
1710 2854 1789 2911 ut
1822 2849 2122 2912 omnibus
2155 2848 2364 2911 omnis

529 2980 634 3022 res
666 2965 859 3037 putet
892 2959 1208 3022 inmixtas
1238 2960 1432 3022 rebus
1465 2959 1751 3036 latitare,
1786 2960 1900 3021 sed
1934 2958 2103 3022 illud

531 3090 853 3148 apparere
886 3090 1095 3132 unum
1131 3069 1318 3132 cuius
1352 3068 1487 3131 sint
1521 3068 1813 3147 plurima
1845 3068 2053 3131 mixta

529 3187 591 3242 et
623 3179 834 3257 magis
863 3179 933 3240 in
965 3187 1280 3257 promptu
1314 3178 1657 3257 primaque
1691 3178 1762 3240 in
1794 3177 2016 3240 fronte
2047 3179 2279 3241 locata.

444 3291 705 3367 —quod
738 3296 961 3352 tamen
992 3311 1032 3352 a
1062 3310 1223 3352 uera
1255 3288 1735 3366 longe-ratione
1767 3288 2188 3365 repulsumst.

531 3399 962 3463 conueniebat
999 3398 1171 3460 enim
1209 3397 1438 3475 fruges
1474 3417 1731 3475 quoque
1768 3416 1978 3474 saepe,
2017 3396 2259 3459 minaci

531 3511 761 3572 robore
793 3529 941 3571 cum
973 3507 1043 3569 in
1073 3508 1215 3571 saxi
1246 3507 1679 3585 franguntur,
1712 3506 1973 3569 mittere
2004 3505 2265 3584 signum

530 3618 874 3695 sanguinis
911 3624 1027 3681 aut
1063 3616 1335 3694 aliquid,
1372 3622 1600 3679 nostro
1632 3636 1799 3693 quae
1834 3636 2105 3693 corpore
2140 3616 2433 3679 aluntur.

554 3751 656 3800 860
677 3750 821 3810 vuly.
854 3750 955 3799 860
980 3748 1006 3773 ⁴*
1030 3749 1131 3797 861

554 3820 655 3868 866
676 3819 775 3867 alii
804 3819 916 3867 alia

554 3889 654 3938 873
677 3888 820 3948 vulg.
855 3886 955 3937 873
981 3886 1007 3911 ⁴*
1031 3886 1134 3935 874

555 3956 658 4005 874
678 3970 822 4019 quae
852 3953 1026 4020 lignis

554 4024 655 4074 882
677 4025 822 4085 vulg.
853 4038 974 4073 cum
1004 4022 1124 4073 saxi

1539 4115 1654 4167 [30]

2734 539 2834 588 855

2737 1087 2837 1137 860

2738 1637 2841 1686 865

2740 2186 2840 2236 870

2739 2734 2840 2784 875

2740 3282 2843 3332 880
