<?xml version="1.0" encoding="UTF-8"?>
<!DOCTYPE html PUBLIC "-//W3C//DTD XHTML 1.0 Transitional//EN"
    "http://www.w3.org/TR/xhtml1/DTD/xhtml1-transitional.dtd">
<html xmlns="http://www.w3.org/1999/xhtml" xml:lang="en" lang="en">
 <head>
  <title>
</title>
<meta http-equiv="Content-Type" content="text/html;charset=utf-8" />
  <meta name='ocr-system' content='tesseract 3.04.00' />
  <meta name='ocr-capabilities' content='ocr_page ocr_carea ocr_par ocr_line ocrx_word'/>
</head>
<body>
  <div class='ocr_page' id='page_1' title='image "./lvcretiderervmn00unkngoog_0213.png"; bbox 0 0 3182 4602; ppageno 0'>
   <div class='ocr_carea' id='block_1_1' title="bbox 1111 408 1953 459">
    <p class='ocr_par' dir='ltr' id='par_1_1' title="bbox 1111 408 1953 459">
     <span class='ocr_line' id='line_1_1' title="bbox 1111 408 1953 459; baseline 0 -1"><span class='ocrx_word' id='word_1_1' title='bbox 1111 409 1213 458; x_wconf 84' lang='lat' dir='ltr'>DE</span> <span class='ocrx_word' id='word_1_2' title='bbox 1251 409 1514 459; x_wconf 81' lang='lat' dir='ltr'><strong><em>RERVM</em></strong></span> <span class='ocrx_word' id='word_1_3' title='bbox 1551 408 1861 459; x_wconf 76' lang='lat' dir='ltr'><strong><em>NATVRA</em></strong></span> <span class='ocrx_word' id='word_1_4' title='bbox 1907 409 1953 458; x_wconf 82' lang='lat' dir='ltr'><strong><em>V</em></strong></span> 
     </span>
    </p>
   </div>
   <div class='ocr_carea' id='block_1_2' title="bbox 455 621 2837 3331">
    <p class='ocr_par' dir='ltr' id='par_1_2' title="bbox 455 621 2837 3331">
     <span class='ocr_line' id='line_1_2' title="bbox 508 621 2061 703; baseline 0.002 -20"><span class='ocrx_word' id='word_1_5' title='bbox 508 627 706 698; x_wconf 88' lang='lat' dir='ltr'>atque</span> <span class='ocrx_word' id='word_1_6' title='bbox 739 621 1134 702; x_wconf 85' lang='lat' dir='ltr'>intempesta</span> <span class='ocrx_word' id='word_1_7' title='bbox 1166 624 1484 687; x_wconf 80' lang='lat' dir='ltr'>cedebant</span> <span class='ocrx_word' id='word_1_8' title='bbox 1517 630 1706 687; x_wconf 90' lang='lat' dir='ltr'>nocte</span> <span class='ocrx_word' id='word_1_9' title='bbox 1740 630 2061 703; x_wconf 88' lang='lat' dir='ltr'>pauentes</span> 
     </span>
     <span class='ocr_line' id='line_1_3' title="bbox 507 731 2021 810; baseline 0.003 -18"><span class='ocrx_word' id='word_1_10' title='bbox 507 731 878 810; x_wconf 82' lang='lat' dir='ltr'>hospitibus</span> <span class='ocrx_word' id='word_1_11' title='bbox 913 732 1127 796; x_wconf 84' lang='lat' dir='ltr'>saeuis</span> <span class='ocrx_word' id='word_1_12' title='bbox 1162 733 1450 797; x_wconf 90' lang='lat' dir='ltr'>instrata</span> <span class='ocrx_word' id='word_1_13' title='bbox 1483 733 1730 796; x_wconf 90' lang='lat' dir='ltr'>cubilia</span> <span class='ocrx_word' id='word_1_14' title='bbox 1763 732 2021 796; x_wconf 80' lang='lat' dir='ltr'>fronde.</span> 
     </span>
     <span class='ocr_line' id='line_1_4' title="bbox 633 841 2383 920; baseline 0.002 -18"><span class='ocrx_word' id='word_1_15' title='bbox 633 841 766 904; x_wconf 91' lang='lat' dir='ltr'>Nec</span> <span class='ocrx_word' id='word_1_16' title='bbox 797 841 1002 904; x_wconf 90' lang='lat' dir='ltr'>nimio</span> <span class='ocrx_word' id='word_1_17' title='bbox 1033 849 1178 905; x_wconf 91' lang='lat' dir='ltr'>tum</span> <span class='ocrx_word' id='word_1_18' title='bbox 1207 843 1360 920; x_wconf 91' lang='lat' dir='ltr'>plus</span> <span class='ocrx_word' id='word_1_19' title='bbox 1392 863 1590 920; x_wconf 88' lang='lat' dir='ltr'>quam</span> <span class='ocrx_word' id='word_1_20' title='bbox 1622 863 1800 906; x_wconf 91' lang='lat' dir='ltr'>nunc</span> <span class='ocrx_word' id='word_1_21' title='bbox 1831 843 2140 907; x_wconf 85' lang='lat' dir='ltr'>mortalia</span> <span class='ocrx_word' id='word_1_22' title='bbox 2171 843 2383 905; x_wconf 90' lang='lat' dir='ltr'>saecla</span> 
     </span>
     <span class='ocr_line' id='line_1_5' title="bbox 507 950 1997 1028; baseline 0.001 -15"><span class='ocrx_word' id='word_1_23' title='bbox 507 950 729 1014; x_wconf 91' lang='lat' dir='ltr'>dulcia</span> <span class='ocrx_word' id='word_1_24' title='bbox 757 951 1148 1028; x_wconf 82' lang='lat' dir='ltr'>linquebant</span> <span class='ocrx_word' id='word_1_25' title='bbox 1177 952 1482 1016; x_wconf 90' lang='lat' dir='ltr'>lamentis</span> <span class='ocrx_word' id='word_1_26' title='bbox 1513 953 1771 1015; x_wconf 91' lang='lat' dir='ltr'>lumina</span> <span class='ocrx_word' id='word_1_27' title='bbox 1797 952 1997 1016; x_wconf 90' lang='lat' dir='ltr'>uitae.</span> 
     </span>
     <span class='ocr_line' id='line_1_6' title="bbox 507 1057 2827 1140; baseline 0.001 -17"><span class='ocrx_word' id='word_1_28' title='bbox 507 1080 685 1123; x_wconf 81' lang='lat' dir='ltr'>unus</span> <span class='ocrx_word' id='word_1_29' title='bbox 712 1061 886 1124; x_wconf 90' lang='lat' dir='ltr'>enim</span> <span class='ocrx_word' id='word_1_30' title='bbox 915 1067 1058 1124; x_wconf 86' lang='lat' dir='ltr'>tum</span> <span class='ocrx_word' id='word_1_31' title='bbox 1089 1061 1365 1139; x_wconf 90' lang='lat' dir='ltr'>quisque</span> <span class='ocrx_word' id='word_1_32' title='bbox 1393 1062 1605 1140; x_wconf 84' lang='lat' dir='ltr'>magis</span> <span class='ocrx_word' id='word_1_33' title='bbox 1635 1063 1998 1140; x_wconf 91' lang='lat' dir='ltr'>deprensus</span> <span class='ocrx_word' id='word_1_34' title='bbox 2026 1082 2254 1124; x_wconf 88' lang='lat' dir='ltr'>eorum</span> <span class='ocrx_word' id='word_1_35' title='bbox 2726 1057 2827 1106; x_wconf 85' lang='lat'>990</span> 
     </span>
     <span class='ocr_line' id='line_1_7' title="bbox 509 1169 2247 1251; baseline 0.001 -19"><span class='ocrx_word' id='word_1_36' title='bbox 509 1171 756 1248; x_wconf 90' lang='lat' dir='ltr'>pabula</span> <span class='ocrx_word' id='word_1_37' title='bbox 789 1170 954 1234; x_wconf 90' lang='lat' dir='ltr'>uiua</span> <span class='ocrx_word' id='word_1_38' title='bbox 988 1169 1152 1234; x_wconf 81' lang='lat' dir='ltr'>feris</span> <span class='ocrx_word' id='word_1_39' title='bbox 1188 1172 1564 1251; x_wconf 84' lang='lat' dir='ltr'>praebebat,</span> <span class='ocrx_word' id='word_1_40' title='bbox 1603 1172 1914 1235; x_wconf 83' lang='lat' dir='ltr'>dentibus</span> <span class='ocrx_word' id='word_1_41' title='bbox 1949 1173 2247 1248; x_wconf 87' lang='lat' dir='ltr'>haustus,</span> 
     </span>
     <span class='ocr_line' id='line_1_8' title="bbox 510 1281 2236 1359; baseline 0.002 -18"><span class='ocrx_word' id='word_1_42' title='bbox 510 1287 574 1343; x_wconf 92' lang='lat' dir='ltr'>et</span> <span class='ocrx_word' id='word_1_43' title='bbox 607 1300 877 1343; x_wconf 90' lang='lat' dir='ltr'>nemora</span> <span class='ocrx_word' id='word_1_44' title='bbox 908 1301 983 1344; x_wconf 89' lang='lat' dir='ltr'>ac</span> <span class='ocrx_word' id='word_1_45' title='bbox 1015 1281 1257 1343; x_wconf 90' lang='lat' dir='ltr'>montis</span> <span class='ocrx_word' id='word_1_46' title='bbox 1290 1281 1540 1359; x_wconf 85' lang='lat' dir='ltr'>gemitu</span> <span class='ocrx_word' id='word_1_47' title='bbox 1571 1281 1904 1358; x_wconf 88' lang='lat' dir='ltr'>siluasque</span> <span class='ocrx_word' id='word_1_48' title='bbox 1939 1282 2236 1359; x_wconf 88' lang='lat' dir='ltr'>replebat</span> 
     </span>
     <span class='ocr_line' id='line_1_9' title="bbox 508 1389 1955 1468; baseline 0.001 -17"><span class='ocrx_word' id='word_1_49' title='bbox 508 1389 672 1452; x_wconf 89' lang='lat' dir='ltr'>uiua</span> <span class='ocrx_word' id='word_1_50' title='bbox 700 1389 938 1453; x_wconf 90' lang='lat' dir='ltr'>uidens</span> <span class='ocrx_word' id='word_1_51' title='bbox 967 1390 1127 1453; x_wconf 90' lang='lat' dir='ltr'>uiuo</span> <span class='ocrx_word' id='word_1_52' title='bbox 1157 1391 1424 1468; x_wconf 90' lang='lat' dir='ltr'>sepeliri</span> <span class='ocrx_word' id='word_1_53' title='bbox 1455 1391 1715 1454; x_wconf 90' lang='lat' dir='ltr'>uiscera</span> <span class='ocrx_word' id='word_1_54' title='bbox 1744 1392 1955 1454; x_wconf 79' lang='lat' dir='ltr'>busto,</span> 
     </span>
     <span class='ocr_line' id='line_1_10' title="bbox 455 1499 2009 1578; baseline 0 -16"><span class='ocrx_word' id='word_1_55' title='bbox 455 1535 460 1538; x_wconf 96' lang='lat'>·</span> <span class='ocrx_word' id='word_1_56' title='bbox 510 1505 580 1562; x_wconf 85' lang='lat' dir='ltr'>at</span> <span class='ocrx_word' id='word_1_57' title='bbox 613 1519 775 1576; x_wconf 90' lang='lat' dir='ltr'>quos</span> <span class='ocrx_word' id='word_1_58' title='bbox 805 1499 1126 1577; x_wconf 86' lang='lat' dir='ltr'>effugium</span> <span class='ocrx_word' id='word_1_59' title='bbox 1156 1507 1458 1562; x_wconf 91' lang='lat' dir='ltr'>seruarat</span> <span class='ocrx_word' id='word_1_60' title='bbox 1491 1519 1762 1578; x_wconf 91' lang='lat' dir='ltr'>corpore</span> <span class='ocrx_word' id='word_1_61' title='bbox 1796 1501 2009 1577; x_wconf 89' lang='lat' dir='ltr'>ades0,</span> 
     </span>
     <span class='ocr_line' id='line_1_11' title="bbox 511 1607 2833 1686; baseline 0.002 -16"><span class='ocrx_word' id='word_1_62' title='bbox 511 1609 838 1686; x_wconf 79' lang='lat' dir='ltr'>posterius</span> <span class='ocrx_word' id='word_1_63' title='bbox 868 1609 1186 1671; x_wconf 90' lang='lat' dir='ltr'>tremulas</span> <span class='ocrx_word' id='word_1_64' title='bbox 1215 1629 1415 1686; x_wconf 92' lang='lat' dir='ltr'>super</span> <span class='ocrx_word' id='word_1_65' title='bbox 1443 1610 1669 1672; x_wconf 90' lang='lat' dir='ltr'>ulcera</span> <span class='ocrx_word' id='word_1_66' title='bbox 1698 1616 1874 1672; x_wconf 90' lang='lat' dir='ltr'>tetra</span> <span class='ocrx_word' id='word_1_67' title='bbox 1903 1616 2202 1672; x_wconf 89' lang='lat' dir='ltr'>tenentes</span> <span class='ocrx_word' id='word_1_68' title='bbox 2727 1607 2833 1656; x_wconf 83' lang='lat'>995</span> 
     </span>
     <span class='ocr_line' id='line_1_12' title="bbox 511 1717 2081 1797; baseline 0 -17"><span class='ocrx_word' id='word_1_69' title='bbox 511 1719 764 1797; x_wconf 89' lang='lat' dir='ltr'>palmas</span> <span class='ocrx_word' id='word_1_70' title='bbox 796 1717 1149 1780; x_wconf 84' lang='lat' dir='ltr'>horriferis</span> <span class='ocrx_word' id='word_1_71' title='bbox 1178 1718 1478 1782; x_wconf 78' lang='lat' dir='ltr'>accibant</span> <span class='ocrx_word' id='word_1_72' title='bbox 1508 1719 1783 1783; x_wconf 90' lang='lat' dir='ltr'>uocibus</span> <span class='ocrx_word' id='word_1_73' title='bbox 1818 1719 2081 1796; x_wconf 85' lang='lat' dir='ltr'>Orcum,</span> 
     </span>
     <span class='ocr_line' id='line_1_13' title="bbox 511 1827 2063 1907; baseline 0.001 -17"><span class='ocrx_word' id='word_1_74' title='bbox 511 1827 797 1904; x_wconf 90' lang='lat' dir='ltr'>donique</span> <span class='ocrx_word' id='word_1_75' title='bbox 831 1848 937 1891; x_wconf 91' lang='lat' dir='ltr'>eos</span> <span class='ocrx_word' id='word_1_76' title='bbox 964 1828 1110 1890; x_wconf 90' lang='lat' dir='ltr'>uita</span> <span class='ocrx_word' id='word_1_77' title='bbox 1142 1828 1496 1907; x_wconf 88' lang='lat' dir='ltr'>priuarant</span> <span class='ocrx_word' id='word_1_78' title='bbox 1529 1829 1832 1892; x_wconf 89' lang='lat' dir='ltr'>uermina</span> <span class='ocrx_word' id='word_1_79' title='bbox 1864 1849 2063 1892; x_wconf 87' lang='lat' dir='ltr'>saeua</span> 
     </span>
     <span class='ocr_line' id='line_1_14' title="bbox 511 1935 2092 2016; baseline 0.002 -18"><span class='ocrx_word' id='word_1_80' title='bbox 511 1937 800 2014; x_wconf 83' lang='lat' dir='ltr'>expertis</span> <span class='ocrx_word' id='word_1_81' title='bbox 831 1937 992 2015; x_wconf 91' lang='lat' dir='ltr'>opis,</span> <span class='ocrx_word' id='word_1_82' title='bbox 1027 1935 1292 2016; x_wconf 88' lang='lat' dir='ltr'>ignaros</span> <span class='ocrx_word' id='word_1_83' title='bbox 1324 1938 1485 2015; x_wconf 91' lang='lat' dir='ltr'>quid</span> <span class='ocrx_word' id='word_1_84' title='bbox 1517 1939 1795 2001; x_wconf 87' lang='lat' dir='ltr'>uolnera</span> <span class='ocrx_word' id='word_1_85' title='bbox 1808 1939 2092 2002; x_wconf 65' lang='lat' dir='ltr'>uellent.</span> 
     </span>
     <span class='ocr_line' id='line_1_15' title="bbox 512 2047 2068 2125; baseline 0.001 -16"><span class='ocrx_word' id='word_1_86' title='bbox 512 2053 581 2109; x_wconf 82' lang='lat' dir='ltr'>at</span> <span class='ocrx_word' id='word_1_87' title='bbox 610 2066 744 2109; x_wconf 94' lang='lat' dir='ltr'>non</span> <span class='ocrx_word' id='word_1_88' title='bbox 773 2048 986 2110; x_wconf 89' lang='lat' dir='ltr'>multa</span> <span class='ocrx_word' id='word_1_89' title='bbox 1012 2047 1238 2111; x_wconf 91' lang='lat' dir='ltr'>uirum</span> <span class='ocrx_word' id='word_1_90' title='bbox 1267 2048 1387 2110; x_wconf 93' lang='lat' dir='ltr'>sub</span> <span class='ocrx_word' id='word_1_91' title='bbox 1417 2047 1623 2125; x_wconf 87' lang='lat' dir='ltr'>signis</span> <span class='ocrx_word' id='word_1_92' title='bbox 1652 2047 1839 2110; x_wconf 88' lang='lat' dir='ltr'>milia</span> <span class='ocrx_word' id='word_1_93' title='bbox 1867 2049 2068 2111; x_wconf 91' lang='lat' dir='ltr'>ducta</span> 
     </span>
     <span class='ocr_line' id='line_1_16' title="bbox 510 2155 2835 2235; baseline -0 -15"><span class='ocrx_word' id='word_1_94' title='bbox 510 2177 647 2220; x_wconf 90' lang='lat' dir='ltr'>una</span> <span class='ocrx_word' id='word_1_95' title='bbox 678 2157 818 2219; x_wconf 91' lang='lat' dir='ltr'>dies</span> <span class='ocrx_word' id='word_1_96' title='bbox 848 2158 1050 2220; x_wconf 91' lang='lat' dir='ltr'>dabat</span> <span class='ocrx_word' id='word_1_97' title='bbox 1081 2157 1282 2220; x_wconf 83' lang='lat' dir='ltr'>exitio</span> <span class='ocrx_word' id='word_1_98' title='bbox 1311 2177 1430 2219; x_wconf 92' lang='lat' dir='ltr'>nec</span> <span class='ocrx_word' id='word_1_99' title='bbox 1459 2157 1734 2220; x_wconf 90' lang='lat' dir='ltr'>turbida</span> <span class='ocrx_word' id='word_1_100' title='bbox 1764 2157 1953 2235; x_wconf 90' lang='lat' dir='ltr'>ponti</span> <span class='ocrx_word' id='word_1_101' title='bbox 2690 2155 2835 2204; x_wconf 92' lang='grc'><strong>1000</strong></span> 
     </span>
     <span class='ocr_line' id='line_1_17' title="bbox 512 2266 2019 2348; baseline -0.001 -17"><span class='ocrx_word' id='word_1_102' title='bbox 512 2286 800 2345; x_wconf 89' lang='lat' dir='ltr'>aequora</span> <span class='ocrx_word' id='word_1_103' title='bbox 829 2266 1126 2348; x_wconf 91' lang='lat' dir='ltr'>lidebant</span> <span class='ocrx_word' id='word_1_104' title='bbox 1156 2266 1353 2331; x_wconf 90' lang='lat' dir='ltr'>nauis</span> <span class='ocrx_word' id='word_1_105' title='bbox 1383 2268 1468 2331; x_wconf 92' lang='lat' dir='ltr'>ad</span> <span class='ocrx_word' id='word_1_106' title='bbox 1500 2287 1659 2331; x_wconf 86' lang='lat' dir='ltr'>saxa</span> <span class='ocrx_word' id='word_1_107' title='bbox 1690 2267 2019 2345; x_wconf 90' lang='lat' dir='ltr'>uirosque.</span> 
     </span>
     <span class='ocr_line' id='line_1_18' title="bbox 511 2378 2336 2455; baseline 0.001 -17"><span class='ocrx_word' id='word_1_108' title='bbox 511 2398 630 2440; x_wconf 89' lang='lat' dir='ltr'>nec</span> <span class='ocrx_word' id='word_1_109' title='bbox 659 2384 900 2441; x_wconf 89' lang='lat' dir='ltr'>temere</span> <span class='ocrx_word' id='word_1_110' title='bbox 931 2378 1002 2439; x_wconf 91' lang='lat' dir='ltr'>in</span> <span class='ocrx_word' id='word_1_111' title='bbox 1030 2398 1286 2440; x_wconf 89' lang='lat' dir='ltr'>cassum</span> <span class='ocrx_word' id='word_1_112' title='bbox 1317 2378 1575 2441; x_wconf 81' lang='lat' dir='ltr'>frustra</span> <span class='ocrx_word' id='word_1_113' title='bbox 1605 2398 1785 2441; x_wconf 89' lang='lat' dir='ltr'>mare</span> <span class='ocrx_word' id='word_1_114' title='bbox 1817 2398 2009 2455; x_wconf 85' lang='lat' dir='ltr'>saepe</span> <span class='ocrx_word' id='word_1_115' title='bbox 2041 2384 2336 2441; x_wconf 84' lang='lat' dir='ltr'>coortum</span> 
     </span>
     <span class='ocr_line' id='line_1_19' title="bbox 511 2486 2054 2565; baseline 0 -16"><span class='ocrx_word' id='word_1_116' title='bbox 511 2487 811 2550; x_wconf 89' lang='lat' dir='ltr'>saeuibat</span> <span class='ocrx_word' id='word_1_117' title='bbox 842 2486 1209 2564; x_wconf 90' lang='lat' dir='ltr'>leuiterque</span> <span class='ocrx_word' id='word_1_118' title='bbox 1245 2487 1458 2550; x_wconf 90' lang='lat' dir='ltr'>minas</span> <span class='ocrx_word' id='word_1_119' title='bbox 1495 2488 1780 2565; x_wconf 90' lang='lat' dir='ltr'>ponebat</span> <span class='ocrx_word' id='word_1_120' title='bbox 1817 2487 2054 2564; x_wconf 86' lang='grc'><strong>11131113,</strong></span> 
     </span>
     <span class='ocr_line' id='line_1_20' title="bbox 512 2596 2174 2676; baseline 0.001 -20"><span class='ocrx_word' id='word_1_121' title='bbox 512 2615 631 2659; x_wconf 84' lang='grc'><strong>1133</strong></span> <span class='ocrx_word' id='word_1_122' title='bbox 665 2603 926 2676; x_wconf 88' lang='lat' dir='ltr'>poterat</span> <span class='ocrx_word' id='word_1_123' title='bbox 961 2617 1355 2674; x_wconf 89' lang='lat' dir='ltr'>quemquam</span> <span class='ocrx_word' id='word_1_124' title='bbox 1390 2596 1639 2674; x_wconf 90' lang='lat' dir='ltr'>placidi</span> <span class='ocrx_word' id='word_1_125' title='bbox 1672 2597 1951 2674; x_wconf 88' lang='lat' dir='ltr'>pellacia</span> <span class='ocrx_word' id='word_1_126' title='bbox 1985 2596 2174 2675; x_wconf 92' lang='lat' dir='ltr'>ponti</span> 
     </span>
     <span class='ocr_line' id='line_1_21' title="bbox 511 2695 2837 2785; baseline 0.001 -18"><span class='ocrx_word' id='word_1_127' title='bbox 511 2695 787 2768; x_wconf 86' lang='lat' dir='ltr'>subdola</span> <span class='ocrx_word' id='word_1_128' title='bbox 824 2706 1128 2785; x_wconf 88' lang='lat' dir='ltr'>pellicere</span> <span class='ocrx_word' id='word_1_129' title='bbox 1167 2706 1237 2767; x_wconf 90' lang='lat' dir='ltr'>in</span> <span class='ocrx_word' id='word_1_130' title='bbox 1276 2706 1584 2769; x_wconf 82' lang='lat' dir='ltr'>fraudem</span> <span class='ocrx_word' id='word_1_131' title='bbox 1623 2706 1995 2769; x_wconf 86' lang='lat' dir='ltr'>ridentibus</span> <span class='ocrx_word' id='word_1_132' title='bbox 2033 2706 2248 2769; x_wconf 79' lang='lat' dir='ltr'>undis,</span> <span class='ocrx_word' id='word_1_133' title='bbox 2691 2704 2837 2753; x_wconf 87' lang='lat'>1005</span> 
     </span>
     <span class='ocr_line' id='line_1_22' title="bbox 513 2815 2015 2893; baseline 0.002 -18"><span class='ocrx_word' id='word_1_134' title='bbox 513 2815 816 2892; x_wconf 91' lang='lat' dir='ltr'>improba</span> <span class='ocrx_word' id='word_1_135' title='bbox 846 2815 1102 2893; x_wconf 86' lang='lat' dir='ltr'>nauigii</span> <span class='ocrx_word' id='word_1_136' title='bbox 1135 2816 1310 2878; x_wconf 91' lang='lat' dir='ltr'>ratio</span> <span class='ocrx_word' id='word_1_137' title='bbox 1341 2822 1484 2878; x_wconf 91' lang='lat' dir='ltr'>tum</span> <span class='ocrx_word' id='word_1_138' title='bbox 1520 2836 1711 2879; x_wconf 89' lang='lat' dir='ltr'>caeca</span> <span class='ocrx_word' id='word_1_139' title='bbox 1744 2816 2015 2879; x_wconf 89' lang='lat' dir='ltr'>iacebat.</span> 
     </span>
     <span class='ocr_line' id='line_1_23' title="bbox 515 2924 1967 3004; baseline 0.002 -19"><span class='ocrx_word' id='word_1_140' title='bbox 515 2928 654 2987; x_wconf 78' lang='lat' dir='ltr'>tum</span> <span class='ocrx_word' id='word_1_141' title='bbox 684 2924 965 3004; x_wconf 89' lang='lat' dir='ltr'>penuria</span> <span class='ocrx_word' id='word_1_142' title='bbox 993 2925 1230 2988; x_wconf 91' lang='lat' dir='ltr'>deinde</span> <span class='ocrx_word' id='word_1_143' title='bbox 1260 2925 1388 2988; x_wconf 90' lang='lat' dir='ltr'>cibi</span> <span class='ocrx_word' id='word_1_144' title='bbox 1416 2926 1804 3004; x_wconf 84' lang='lat' dir='ltr'>languentia</span> <span class='ocrx_word' id='word_1_145' title='bbox 1834 2926 1967 2989; x_wconf 89' lang='lat' dir='ltr'>leto</span> 
     </span>
     <span class='ocr_line' id='line_1_24' title="bbox 513 3035 2285 3118; baseline 0.001 -23"><span class='ocrx_word' id='word_1_146' title='bbox 513 3035 804 3096; x_wconf 90' lang='lat' dir='ltr'>membra</span> <span class='ocrx_word' id='word_1_147' title='bbox 832 3035 1052 3118; x_wconf 80' lang='lat' dir='ltr'>dabat,</span> <span class='ocrx_word' id='word_1_148' title='bbox 1085 3042 1317 3098; x_wconf 87' lang='lat' dir='ltr'>contra</span> <span class='ocrx_word' id='word_1_149' title='bbox 1344 3056 1521 3098; x_wconf 90' lang='lat' dir='ltr'>nunc</span> <span class='ocrx_word' id='word_1_150' title='bbox 1552 3055 1778 3097; x_wconf 87' lang='lat' dir='ltr'>rerum</span> <span class='ocrx_word' id='word_1_151' title='bbox 1807 3035 1997 3112; x_wconf 91' lang='lat' dir='ltr'>copia</span> <span class='ocrx_word' id='word_1_152' title='bbox 2024 3042 2285 3098; x_wconf 91' lang='lat' dir='ltr'>mersat.</span> 
     </span>
     <span class='ocr_line' id='line_1_25' title="bbox 515 3143 1911 3223; baseline 0.002 -20"><span class='ocrx_word' id='word_1_153' title='bbox 515 3143 613 3204; x_wconf 95' lang='lat' dir='ltr'>illi</span> <span class='ocrx_word' id='word_1_154' title='bbox 645 3144 1005 3221; x_wconf 88' lang='lat' dir='ltr'>prudentes</span> <span class='ocrx_word' id='word_1_155' title='bbox 1037 3145 1167 3223; x_wconf 91' lang='lat' dir='ltr'>ipsi</span> <span class='ocrx_word' id='word_1_156' title='bbox 1197 3145 1323 3207; x_wconf 90' lang='lat' dir='ltr'>sibi</span> <span class='ocrx_word' id='word_1_157' title='bbox 1355 3165 1548 3223; x_wconf 90' lang='lat' dir='ltr'>saepe</span> <span class='ocrx_word' id='word_1_158' title='bbox 1579 3165 1911 3207; x_wconf 89' lang='lat' dir='ltr'>uenenum</span> 
     </span>
     <span class='ocr_line' id='line_1_26' title="bbox 512 3253 2837 3331; baseline 0.001 -17"><span class='ocrx_word' id='word_1_159' title='bbox 512 3254 895 3330; x_wconf 85' lang='lat' dir='ltr'>uergebant,</span> <span class='ocrx_word' id='word_1_160' title='bbox 930 3274 1109 3316; x_wconf 89' lang='lat' dir='ltr'>nunc</span> <span class='ocrx_word' id='word_1_161' title='bbox 1144 3254 1308 3317; x_wconf 90' lang='lat' dir='ltr'>dant</span> <span class='ocrx_word' id='word_1_162' title='bbox 1351 3254 1733 3325; x_wconf 90' lang='lat' dir='ltr'>&lt;uinum&gt;</span> <span class='ocrx_word' id='word_1_163' title='bbox 1778 3254 2110 3317; x_wconf 87' lang='lat' dir='ltr'>sollertius</span> <span class='ocrx_word' id='word_1_164' title='bbox 2144 3254 2293 3331; x_wconf 91' lang='lat' dir='ltr'>ipsi.</span> <span class='ocrx_word' id='word_1_165' title='bbox 2691 3253 2837 3301; x_wconf 92' lang='grc'><strong>1010</strong></span> 
     </span>
    </p>
   </div>
   <div class='ocr_carea' id='block_1_3' title="bbox 426 3447 2504 3855">
    <p class='ocr_par' dir='ltr' id='par_1_3' title="bbox 426 3447 2504 3855">
     <span class='ocr_line' id='line_1_27' title="bbox 639 3447 2504 3527; baseline 0.002 -20"><span class='ocrx_word' id='word_1_166' title='bbox 639 3447 805 3511; x_wconf 83' lang='grc' dir='ltr'><strong>Ι11ᾶ3</strong></span> <span class='ocrx_word' id='word_1_167' title='bbox 840 3468 1023 3511; x_wconf 86' lang='grc'><strong>03333</strong></span> <span class='ocrx_word' id='word_1_168' title='bbox 1056 3455 1403 3525; x_wconf 90' lang='lat' dir='ltr'>postquam</span> <span class='ocrx_word' id='word_1_169' title='bbox 1439 3470 1513 3512; x_wconf 90' lang='lat' dir='ltr'>ac</span> <span class='ocrx_word' id='word_1_170' title='bbox 1549 3448 1741 3526; x_wconf 89' lang='lat' dir='ltr'>pellis</span> <span class='ocrx_word' id='word_1_171' title='bbox 1775 3449 2121 3526; x_wconf 90' lang='lat' dir='ltr'>ignemque</span> <span class='ocrx_word' id='word_1_172' title='bbox 2157 3455 2504 3527; x_wconf 88' lang='lat' dir='ltr'>pararunt.</span> 
     </span>
     <span class='ocr_line' id='line_1_28' title="bbox 426 3556 2103 3621; baseline 0.002 -3"><span class='ocrx_word' id='word_1_173' title='bbox 426 3563 578 3619; x_wconf 81' lang='lat' dir='ltr'>—et</span> <span class='ocrx_word' id='word_1_174' title='bbox 608 3556 846 3620; x_wconf 89' lang='lat' dir='ltr'>mulier</span> <span class='ocrx_word' id='word_1_175' title='bbox 879 3557 1233 3620; x_wconf 89' lang='lat' dir='ltr'>coniuncta</span> <span class='ocrx_word' id='word_1_176' title='bbox 1260 3558 1408 3621; x_wconf 91' lang='lat' dir='ltr'>uiro</span> <span class='ocrx_word' id='word_1_177' title='bbox 1443 3557 1758 3621; x_wconf 88' lang='lat' dir='ltr'>concessit</span> <span class='ocrx_word' id='word_1_178' title='bbox 1790 3558 1863 3620; x_wconf 91' lang='lat' dir='ltr'>in</span> <span class='ocrx_word' id='word_1_179' title='bbox 1894 3578 2103 3621; x_wconf 86' lang='lat' dir='ltr'>unum</span> 
     </span>
     <span class='ocr_line' id='line_1_29' title="bbox 516 3666 2259 3745; baseline 0.001 -17"><span class='ocrx_word' id='word_1_180' title='bbox 516 3668 552 3740; x_wconf 78' lang='lat'><strong>†</strong></span> <span class='ocrx_word' id='word_1_181' title='bbox 586 3666 849 3744; x_wconf 87' lang='lat' dir='ltr'>cognita</span> <span class='ocrx_word' id='word_1_182' title='bbox 880 3673 1037 3730; x_wconf 90' lang='lat' dir='ltr'>sunt</span> <span class='ocrx_word' id='word_1_183' title='bbox 1069 3668 1447 3745; x_wconf 89' lang='lat' dir='ltr'>prolemque</span> <span class='ocrx_word' id='word_1_184' title='bbox 1480 3689 1558 3731; x_wconf 87' lang='lat' dir='ltr'>ex</span> <span class='ocrx_word' id='word_1_185' title='bbox 1591 3687 1658 3730; x_wconf 90' lang='lat' dir='ltr'>se</span> <span class='ocrx_word' id='word_1_186' title='bbox 1690 3666 1919 3729; x_wconf 89' lang='lat' dir='ltr'>uidere</span> <span class='ocrx_word' id='word_1_187' title='bbox 1953 3674 2259 3745; x_wconf 84' lang='lat' dir='ltr'>creatam,</span> 
     </span>
     <span class='ocr_line' id='line_1_30' title="bbox 512 3775 2282 3855; baseline 0.001 -17"><span class='ocrx_word' id='word_1_188' title='bbox 512 3782 656 3838; x_wconf 91' lang='lat' dir='ltr'>tum</span> <span class='ocrx_word' id='word_1_189' title='bbox 689 3775 909 3853; x_wconf 85' lang='lat' dir='ltr'>genus</span> <span class='ocrx_word' id='word_1_190' title='bbox 924 3777 1289 3839; x_wconf 89' lang='lat' dir='ltr'>humanum</span> <span class='ocrx_word' id='word_1_191' title='bbox 1321 3776 1611 3854; x_wconf 90' lang='lat' dir='ltr'>primum</span> <span class='ocrx_word' id='word_1_192' title='bbox 1643 3777 2015 3840; x_wconf 89' lang='lat' dir='ltr'>mollescere</span> <span class='ocrx_word' id='word_1_193' title='bbox 2049 3776 2282 3855; x_wconf 90' lang='lat' dir='ltr'>coepit.</span> 
     </span>
    </p>
   </div>
   <div class='ocr_carea' id='block_1_4' title="bbox 502 3906 1647 4243">
    <p class='ocr_par' dir='ltr' id='par_1_4' title="bbox 502 3906 1647 4243">
     <span class='ocr_line' id='line_1_31' title="bbox 535 3906 1142 3972; baseline 0 -15"><span class='ocrx_word' id='word_1_194' title='bbox 535 3908 637 3957; x_wconf 89' lang='lat'>989</span> <span class='ocrx_word' id='word_1_195' title='bbox 659 3908 793 3969; x_wconf 77' lang='lat' dir='ltr'>fort.</span> <span class='ocrx_word' id='word_1_196' title='bbox 827 3906 1142 3972; x_wconf 86' lang='lat' dir='ltr'>languentis</span> 
     </span>
     <span class='ocr_line' id='line_1_32' title="bbox 502 3974 921 4037; baseline -0.002 -13"><span class='ocrx_word' id='word_1_197' title='bbox 502 3975 637 4025; x_wconf 87' lang='grc'><strong>1002</strong></span> <span class='ocrx_word' id='word_1_198' title='bbox 657 3975 802 4037; x_wconf 71' lang='lat' dir='ltr'>vuly.</span> <span class='ocrx_word' id='word_1_199' title='bbox 833 3974 921 4024; x_wconf 89' lang='lat' dir='ltr'>hic</span> 
     </span>
     <span class='ocr_line' id='line_1_33' title="bbox 502 4041 1194 4107; baseline 0 -14"><span class='ocrx_word' id='word_1_200' title='bbox 502 4043 638 4093; x_wconf 88' lang='grc'><strong>1009</strong></span> <span class='ocrx_word' id='word_1_201' title='bbox 657 4044 803 4104; x_wconf 64' lang='lat' dir='ltr'><strong><em>vulg.</em></strong></span> <span class='ocrx_word' id='word_1_202' title='bbox 837 4041 1194 4107; x_wconf 86' lang='lat' dir='ltr'>inprudentes</span> 
     </span>
     <span class='ocr_line' id='line_1_34' title="bbox 502 4110 1094 4173; baseline -0.003 -12"><span class='ocrx_word' id='word_1_203' title='bbox 502 4112 638 4161; x_wconf 94' lang='grc'><strong>1010</strong></span> <span class='ocrx_word' id='word_1_204' title='bbox 657 4112 801 4173; x_wconf 64' lang='lat' dir='ltr'>vulg.</span> <span class='ocrx_word' id='word_1_205' title='bbox 840 4110 1094 4170; x_wconf 89' lang='lat' dir='ltr'>&lt;aliis&gt;</span> 
     </span>
     <span class='ocr_line' id='line_1_35' title="bbox 509 4179 1647 4243; baseline 0.002 -14"><span class='ocrx_word' id='word_1_206' title='bbox 509 4180 642 4229; x_wconf 90' lang='grc'><strong>1013</strong></span> <span class='ocrx_word' id='word_1_207' title='bbox 663 4179 799 4241; x_wconf 80' lang='lat' dir='ltr'>fort.</span> <span class='ocrx_word' id='word_1_208' title='bbox 831 4193 1178 4243; x_wconf 88' lang='lat' dir='ltr'>congressum</span> <span class='ocrx_word' id='word_1_209' title='bbox 1500 4181 1647 4231; x_wconf 89' lang='lat'>[198]</span> 
     </span>
    </p>
   </div>
   <div class='ocr_carea' id='block_1_5' title="bbox 3152 69 3160 1450">
    <p class='ocr_par' dir='ltr' id='par_1_5' title="bbox 3152 69 3160 1450">
     <span class='ocr_line' id='line_1_36' title="bbox 3152 69 3160 1450; baseline 0 0"><span class='ocrx_word' id='word_1_210' title='bbox 3152 69 3160 1450; x_wconf 95' lang='lat' dir='ltr'> </span> 
     </span>
    </p>
   </div>
   <div class='ocr_carea' id='block_1_6' title="bbox 3152 1579 3158 2649">
    <p class='ocr_par' dir='ltr' id='par_1_6' title="bbox 3152 1579 3158 2649">
     <span class='ocr_line' id='line_1_37' title="bbox 3152 1579 3158 2649; baseline 0 0"><span class='ocrx_word' id='word_1_211' title='bbox 3152 1579 3158 2649; x_wconf 95' lang='lat' dir='ltr'> </span> 
     </span>
    </p>
   </div>
   <div class='ocr_carea' id='block_1_7' title="bbox 3149 1579 3163 4000">
    <p class='ocr_par' dir='ltr' id='par_1_7' title="bbox 3149 1579 3163 4000">
     <span class='ocr_line' id='line_1_38' title="bbox 3149 1579 3163 4000; baseline 0 0"><span class='ocrx_word' id='word_1_212' title='bbox 3149 1579 3163 4000; x_wconf 95' lang='lat' dir='ltr'> </span> 
     </span>
    </p>
   </div>
  </div>
 </body>
</html>
