3182 4602
1164 403 1224 451 Τ.
1267 401 1593 452 LVGRETI
1634 400 1811 451 CARI

341 627 346 631 ’
414 639 600 695 arua,
634 639 810 681 nouo
840 617 989 682 fetu
1021 617 1184 696 quid
1216 618 1507 696 primum
1540 617 1612 678 in
1644 615 1915 679 luminis
1949 637 2097 680 oras

414 730 645 801 tollere
681 736 744 792 et
778 728 1050 792 incertis
1083 728 1364 791 credunt
1400 727 1804 790 committere
1837 727 2109 803 uentis)

541 1008 887 1086 Principio
916 1028 1124 1086 genus
1152 1009 1509 1070 herbarum
1540 1007 1955 1084 uiridemque
1984 1007 2268 1069 nitorem

413 1125 598 1181 terra
631 1119 815 1182 dedit
850 1118 1097 1181 circum
1132 1118 1316 1180 collis
1348 1139 1739 1196 camposque
1774 1138 1893 1197 per
1929 1117 2156 1193 omnis,

415 1228 653 1291 florida
686 1228 1022 1291 fulserunt
1055 1227 1384 1290 uiridanti
1417 1235 1617 1306 prata
1647 1229 1877 1304 colore,
2398 1223 2404 1230 ’
2631 1223 2733 1272 785

414 1339 891 1416 arboribusque
924 1339 1221 1400 datumst
1253 1337 1464 1401 uariis
1497 1337 1732 1401 exinde
1765 1357 1884 1414 per
1919 1357 2116 1400 auras

414 1448 749 1511 crescendi
782 1469 1096 1525 magnum
1131 1448 1417 1510 inmissis
1454 1453 1785 1510 certamen
1816 1447 2109 1510 habenis.

414 1565 492 1621 ut
525 1559 754 1636 pluma
787 1565 985 1634 atque
1018 1559 1138 1636 pili
1174 1558 1463 1636 primum
1497 1565 1843 1634 saetaeque
1877 1562 2191 1620 creantur

413 1668 904 1746 quadripedum
939 1668 1250 1731 membris
1279 1674 1344 1729 et
1378 1687 1651 1746 corpore
1685 1666 2257 1745 pennipotentum.

413 1778 507 1841 sic
538 1798 713 1842 noua
744 1784 889 1841 tum
920 1779 1121 1841 tellus
1149 1779 1386 1841 herbas
1415 1778 1845 1855 uirgultaque
1878 1776 2169 1855 primum
2630 1772 2731 1821 790

413 1888 704 1965 sustulit,
737 1889 892 1951 inde
921 1887 1048 1950 loci
1077 1887 1386 1950 mortalia
1415 1888 1627 1950 saecla
1658 1887 1913 1950 creauit

413 1999 628 2061 multa
655 1998 870 2060 modis
898 1998 1128 2060 multis
1158 1998 1350 2060 uaria
1383 1996 1641 2060 ratione
1674 2003 1915 2059 coorta.

383 2109 572 2184 (nam
605 2129 815 2185 neque
851 2110 930 2170 de
966 2108 1146 2170 caelo
1177 2107 1482 2170 cecidisse
1518 2107 1836 2171 animalia
1866 2113 2143 2186 possunt

414 2239 533 2280 nec
565 2218 908 2280 terrestria
942 2219 1022 2281 de
1056 2217 1244 2280 salsis
1276 2217 1480 2280 exisse
1513 2217 1787 2280 lacunis

415 2329 745 2406 linquitur
776 2336 854 2392 ut
881 2329 1121 2391 merito
1145 2335 1520 2392 maternum
1549 2348 1787 2391 nomen
1820 2328 2065 2406 adepta
2630 2323 2732 2373 ⁷95

415 2446 596 2503 terra
626 2440 732 2515 sit,
766 2459 799 2501 e
830 2419 1012 2502 terra
1044 2438 1354 2516 quoniam
1386 2445 1542 2501 sunt
1575 2445 1814 2501 cuncta
1847 2445 2088 2501 creata.

415 2550 753 2626 ‘multaque
788 2570 966 2611 nunc
1002 2549 1200 2612 etiam
1235 2549 1528 2612 existunt
1564 2548 1882 2612 animalia
1912 2548 2113 2610 terris

416 2659 736 2721 imbribus
770 2666 835 2723 et
868 2659 1085 2722 calido
1115 2659 1270 2721 solis
1302 2666 1605 2722 concreta
1638 2678 1921 2737 uapore3

417 2788 546 2846 quo
572 2769 794 2832 minus
820 2776 920 2831 est
946 2769 1190 2832 mirum
1219 2769 1274 2831 si
1304 2774 1449 2831 tum
1481 2776 1637 2832 sunt
1668 2770 1870 2846 plura
1898 2773 2121 2831 coorta

415 2886 479 2942 et
508 2878 777 2954 maiora,
809 2899 987 2941 noua
1015 2880 1254 2942 tellure
1286 2886 1484 2956 atque
1515 2880 1777 2941 aethere
1810 2878 2095 2954 adulta.)
2629 2874 2733 2923 800

327 2988 748 3067 —principio
780 3008 986 3066 genus
1022 2988 1306 3051 alituum
1336 2988 1693 3065 uariaeque
1726 2988 2029 3051 uolucres

415 3118 536 3161 ova
568 3097 1050 3175 relinquebant,
1085 3099 1383 3162 exclusae
1414 3104 1709 3175 tempore
1741 3117 1966 3173 uern0,

415 3207 745 3271 folliculos
777 3214 1065 3271 ut‘nunc
1097 3208 1326 3271 teretis
1359 3213 1605 3271 aestate
1641 3207 1902 3270 cicadae

414 3317 673 3381 lincunt
705 3325 938 3396 sponte
973 3338 1092 3380 sua
1127 3318 1381 3380 uictum
1414 3317 1754 3394 uitamque
1790 3323 2107 3395 petentes

416 3430 557 3490 tum
589 3427 713 3491 tibi
743 3434 924 3490 terra
954 3428 1141 3490 dedit
1173 3428 1463 3506 primum
1495 3427 1804 3489 mortalia
1834 3428 2065 3489 saecla.
2628 3423 2731 3471 805

414 3538 666 3600 multus
695 3537 868 3601 enim
900 3538 1077 3600 calor
1109 3545 1306 3615 atque
1338 3557 1527 3600 umor
1558 3538 1916 3615 superabat
1948 3537 2018 3597 in
2051 3536 2249 3599 aruis.

413 3648 532 3710 hoc
566 3646 683 3709 ubi
718 3668 1014 3724 quaeque
1049 3647 1174 3709 loci
1209 3647 1392 3724 regio
1428 3653 1759 3724 oportuna
1796 3647 2101 3723 dabatur,

414 3757 789 3820 crescebant
821 3756 998 3819 uteri
1030 3763 1278 3820 terram
1311 3756 1649 3819 radicibus
1682 3755 1859 3834 apti3

415 3885 576 3942 quos
604 3866 720 3928 ubi
751 3873 1044 3944 tempore
1076 3873 1340 3929 maturo
1371 3866 1780 3944 patefecerat
1814 3872 2030 3928 aestus

438 3997 536 4046 782
558 3998 702 4057 vulg).
737 3997 940 4047 crerint
1011 3999 1144 4059 fort.
1181 3999 1461 4049 certarint
1497 3998 1727 4048 credere

436 4065 536 4114 809
557 4069 748 4116 aestas
819 4067 961 4127 vuly.
993 4069 1150 4115 aetas
1220 4066 1354 4127 fort.
1389 4069 1584 4116 auctus

1404 4187 1550 4237 [191]
