3182 4602
1235 420 1296 468 T.
1338 419 1665 470 LVGRE'TI
1704 418 1882 469 CARI

401 631 799 710 —mumquis
833 633 1007 696 enim
1039 640 1339 696 nostrum
1371 634 1656 696 miratur
1688 633 1894 711 siquis
1927 633 1997 695 in
2033 639 2220 697 artus
2699 629 2803 679 655

490 742 742 820 accepit
775 743 989 812 calido
1023 743 1263 806 febrim
1298 743 1563 807 feruore
1598 751 1885 806 coortam

492 857 608 914 aut
644 851 849 915 alium
884 852 1185 929 quemuis
1217 853 1426 915 morbi
1465 873 1583 931 per
1620 855 1910 916 membra
1946 854 2277 915 dolorem?

461 961 896 1040 (obturgescit
930 962 1104 1025 enim
1137 962 1354 1025 subito
1387 983 1520 1041 peS‚
1555 962 1798 1040 arripit
1831 983 1979 1026 acer

490 1091 683 1149 saepe
718 1072 904 1133 dolor
937 1073 1183 1148 denteS‚
1221 1073 1438 1134 oculos
1472 1072 1737 1134 inuadit
1772 1071 1843 1132 in
1875 1071 2069 1150 ipSOS,

492 1181 716 1243 existit
748 1201 930 1244 sacer
963 1181 1136 1259 ignis
1171 1188 1234 1244 et
1267 1181 1407 1244 urit
1441 1201 1713 1259 corpore
1746 1201 2015 1259 serpens
2701 1178 2803 1227 660

493 1310 969 1368 quamcumque
1003 1290 1294 1369 arripuit
1327 1290 1594 1368 partim,
1627 1291 1930 1368 repitque
1963 1312 2081 1369 per
2113 1298 2317 1366 6113116,

491 1400 808 1462 nimirum
843 1400 998 1477 quia
1033 1407 1188 1463 sunt
1221 1401 1584 1463 multarum
1620 1401 1868 1464 semina
1901 1421 2142 1477 rerum,

493 1516 557 1572 et
588 1509 749 1572 satis
781 1510 938 1572 haec
969 1511 1169 1573 tellus
1199 1510 1410 1572 morbi
1442 1511 1821 1587 caelumque
1855 1510 2012 1572 mali
2044 1509 2197 1586 fert,

492 1620 670 1682 unde
699 1625 897 1696 queat
926 1619 1032 1682 uis
1059 1619 1358 1683 immensi
1389 1639 1799 1697 procrescere
1829 1618 2093 1696 morbi.)

493 1727 585 1790 sic
614 1728 823 1806 igitur
853 1729 978 1791 toti
1009 1730 1184 1791 caelo
1215 1737 1561 1806 terraeque
1595 1729 2033 1807 putandumst
2702 1725 2807 1776 665

494 1859 574 1900 ex
603 1838 866 1900 infinito
895 1838 1058 1901 satis
1087 1824 1308 1901 omnia
1337 1838 1787 1917 suppeditare,

493 1949 669 2010 unde
703 1954 974 2025 repente
1008 1955 1205 2025 queat
1238 1949 1436 2010 tellus
1469 1967 1780 2011 concussa
1812 1946 2064 2011 moueri

495 2077 742 2134 perque
773 2078 954 2121 mare
987 2078 1062 2120 ac
1093 2064 1308 2120 terras
1339 2057 1616 2135 rapidus
1649 2078 2037 2135 percurrere
2069 2058 2285 2134 turb0‚

494 2166 667 2243 ignis
701 2167 1040 2229 abundare
1073 2167 1428 2243 AetnaeuS‚
1465 2166 1899 2229 flammescere
1934 2168 2221 2244 caelum;

464 2275 567 2353 (id
599 2295 856 2354 quoque
891 2276 1064 2338 enim
1097 2277 1173 2339 fit
1206 2281 1270 2339 et
1305 2277 1661 2340 ardescunt
1693 2276 1995 2340 caelestia
2027 2278 2276 2355 templa
2705 2274 2807 2324 670

495 2393 558 2449 et
590 2386 1002 2464 tempestatis
1035 2386 1306 2464 pluuiae
1340 2386 1646 2464 grauiore
1679 2394 1908 2450 coortu

497 2502 672 2573 sunt,
707 2496 823 2587 ubi
857 2495 1033 2560 forte
1068 2496 1164 2559 ita
1197 2517 1264 2561 66
1298 2497 1669 2559 tetulerunt
1702 2497 1953 2560 semina
1985 2497 2371 2574 aquarum).

411 2612 565 2668 —at
597 2605 796 2667 nimis
827 2613 923 2668 est
957 2606 1192 2685 ingens
1223 2606 1488 2669 incendi
1521 2606 1832 2669 turbidus
1866 2607 2085 2671 ardor.

495 2714 742 2779 scilicet
776 2722 841 2779 et
875 2715 1139 2791 fluuiuS‚
1174 2716 1288 2793 qui
1322 2715 1507 2779 uisus
1539 2716 1863 2779 maximus
1899 2716 1959 2780 ei

498 2824 614 2901 qui
645 2845 778 2887 non
809 2832 962 2888 ante
994 2825 1277 2902 aliquem
1309 2825 1621 2889 maiorem
1651 2825 1847 2903 uidit,
1882 2833 1947 2890 et
1979 2826 2210 2904 ingens
2707 2824 2811 2874 675

498 2934 694 2996 arbor
725 2935 1044 3011 homoque
1074 2935 1364 3011 uidetur,
1400 2942 1463 2998 et
1496 2934 1715 2998 omnia
1746 2936 1826 2999 de
1858 2956 2093 3013 genere
2124 2936 2320 3013 omni,

497 3044 784 3106 maxima
817 3064 982 3121 quae
1014 3043 1190 3106 uidit
1223 3044 1518 3121 quisque,
1552 3045 1710 3107 haec
1744 3044 2042 3121 ingentia
2074 3044 2287 3122 fingit,

500 3174 647 3215 cum
676 3160 899 3215 tamen
931 3153 1149 3215 omnia
1180 3174 1327 3215 cum
1361 3154 1536 3216 caelo
1567 3159 1878 3231 terraque
1909 3133 2213 3231 marique

496 3262 594 3323 nil
626 3262 761 3325 sint
796 3263 881 3325 ad
915 3283 1234 3325 summam
1267 3261 1545 3325 summai
1578 3262 1787 3325 totius
1817 3283 2091 3325 omnem.

624 3456 819 3519 Nunc
850 3462 1073 3518 tamen
1104 3456 1222 3519 illa
1251 3455 1460 3518 modis
1491 3456 1731 3533 quibus
1763 3456 2043 3519 inritata
2074 3464 2345 3535 repente
2456 3510 2459 3514 ,
2708 3454 2810 3505 680

502 3564 765 3627 flamma
798 3564 980 3643 foras
1013 3566 1222 3628 uastis
1255 3567 1510 3629 Aetnae
1546 3565 1931 3628 fornacibus
1966 3566 2147 3643 efflet,

501 3674 864 3751 expediam.
941 3674 1233 3751 primum
1267 3674 1472 3736 totius
1505 3676 1795 3737 subcaua
1826 3674 2069 3737 montis

502 3790 598 3846 est
631 3790 895 3859 natura,
929 3782 1070 3847 fere
1104 3783 1362 3845 silicum
1394 3784 1672 3846 suffulta
1706 3783 2026 3847 cauernis.

503 3892 804 3955 omnibus
835 3899 930 3955 est
963 3912 1163 3970 porro
1193 3892 1264 3953 in
1298 3892 1629 3984 speluncis
1661 3899 1903 3955 uentus
1934 3899 1997 3955 et
2033 3903 2162 3957 aer'.

524 4024 626 4073 674
648 4023 781 4085 fort.
813 4021 937 4072 uisu
965 4026 1049 4073 est

1493 4193 1640 4245 [237]
