3182 4602
1154 440 1215 489 T.
1252 440 1297 489 L
1308 439 1578 490 VGRETI
1615 439 1793 490 CARI

412 664 481 720 at
511 663 746 720 contra
774 655 1074 735 lapidum
1104 656 1470 718 coniectum
1500 654 1964 732 spicarumque

412 786 629 829 noenu
668 764 1201 844 potest.—-igitur
1237 764 1635 843 paruissima
1671 783 1950 842 corpora
1986 781 2309 841 proquam

411 882 476 939 et
508 875 845 939 leuissima
877 881 1051 951 sunt,
1088 875 1184 938 ita
1218 874 1582 938 mobilitate
1618 874 1981 950 fruuntur;
2625 870 2727 919 200

413 992 481 1048 at
511 992 744 1049 contra
775 1003 1220 1063 quaecumque
1250 984 1460 1062 magis
1488 1005 1636 1047 cum
1667 985 1957 1063 pondere
1986 1003 2227 1061 magno

413 1115 778 1173 asperaque
807 1094 1267 1171 inueniuntur,
1302 1114 1377 1157 eo
1405 1094 1702 1157 stabilita
1732 1093 1941 1171 magis
1973 1099 2148 1156 sunt.

411 1204 606 1267 Nunc
636 1204 846 1282 igitur
875 1204 1186 1282 quoniam
1216 1204 1420 1267 animi
1450 1211 1699 1267 natura
1728 1210 1993 1281 reperta

412 1313 672 1376 mobilis
702 1313 979 1391 egregie,
1012 1334 1332 1392 perquam
1365 1320 1663 1376 constare
1695 1320 2015 1375 necessest

414 1422 800 1502 corporibus
833 1423 1063 1502 paruis
1095 1430 1161 1485 et
1191 1424 1452 1486 leuibus
1483 1429 1681 1501 atque
1714 1423 2047 1485 rutundis
2626 1420 2729 1469 205

415 1552 583 1610 quae
613 1531 738 1595 tibi
768 1532 1031 1610 cognita
1061 1553 1164 1596 res
1196 1534 1266 1594 in
1294 1533 1541 1610 multis,
1575 1554 1615 1595 o
1642 1535 1827 1610 bone,
1860 1534 2057 1596 rebus

412 1641 599 1704 utilis
629 1641 1012 1705 inuenietur
1043 1650 1107 1705 et
1140 1650 1518 1721 opportuna
1549 1642 1812 1706 cluebit.

451 1754 724 1817 —Haec
755 1774 1012 1832 quoque
1043 1774 1148 1817 res
1180 1754 1378 1816 etiam
1407 1760 1721 1815 naturam
1755 1752 2015 1815 dedicat
2049 1752 2208 1829 eiuS,

385 1864 615 1942 (quam
647 1864 834 1926 tenui
866 1869 1118 1927 constet
1150 1870 1420 1926 textura
1451 1862 1777 1941 quamque
1812 1864 1953 1925 loco
1984 1883 2049 1926 se

416 1973 751 2037 contineat
783 1993 1013 2052 paruo,
1050 1973 1105 2036 si
1139 1973 1345 2052 possit
1380 1972 1919 2050 conglomerari),
2628 1967 2731 2017 210

417 2084 592 2160 quod
622 2082 819 2145 simul
850 2089 1047 2160 atque
1076 2082 1405 2145 hominem
1434 2082 1551 2144 leti
1581 2103 1813 2146 secura
1844 2082 2028 2159 quies
2059 2088 2155 2145 est

397 2176 692 2271 indepta
726 2199 923 2269 atque
958 2192 1441 2256 animi'natura
1477 2192 1863 2269 animaeque
1898 2191 2182 2267 recessit,

416 2301 514 2364 nil
545 2301 640 2365 ibi
671 2303 950 2366 libatum
983 2303 1063 2365 de
1094 2309 1237 2366 toto
1266 2323 1537 2382 corpore
1571 2323 1802 2365 cernas

418 2413 503 2474 ad
535 2412 835 2490 speciem,
867 2412 1038 2474 nihil
1069 2414 1155 2476 ad
1189 2414 1482 2491 pondus:
1515 2433 1691 2475 mors
1725 2412 1942 2475 omnia
1976 2418 2273 2490 praestat

417 2521 689 2584 uitalem
720 2528 986 2600 praeter
1017 2542 1277 2585 sensum
1309 2522 1725 2599 calidumque
1755 2542 2090 2600 uaporem.
2631 2518 2733 2568 215

339 2651 573 2708 —ergo
604 2631 890 2694 animam
920 2638 1127 2694 totam
1159 2631 1511 2710 perparuis
1542 2652 1677 2695 esse
1708 2638 2026 2694 necessest

420 2739 792 2816 seminibUS,
825 2761 1061 2804 nexam
1095 2761 1214 2819 per
1245 2762 1450 2804 uenas
1481 2741 1737 2811 uiscera
1770 2761 2043 2817 neruos;

421 2855 765 2927 quatenuS,
799 2850 1009 2913 omnis
1039 2851 1163 2922 ubi,
1188 2873 1222 2914 6
1252 2858 1391 2914 toto
1425 2851 1555 2914 iam
1590 2871 1863 2929 corpore
1896 2851 2106 2927 cessit,

421 2959 663 3022 extima
696 2961 1136 3022 membrorum
1171 2959 1692 3024 circumcaesura
1726 2967 1947 3028 tamen
1980 2981 2046 3023 se

420 3067 810 3131 incolumem
843 3076 1139 3146 praestat
1171 3089 1289 3132 nec
1323 3069 1480 3133 defit
1514 3070 1828 3148 ponderis
1857 3070 2087 3132 hilum.
2631 3066 2733 3116 220

393 3175 596 3253 (quod
629 3197 834 3254 genus
862 3186 959 3241 est
988 3179 1234 3241 Bacchi
1261 3200 1408 3241 cum
1437 3179 1555 3241 flos
1584 3178 1860 3242 euanuit
1890 3186 2007 3243 aut
2038 3200 2185 3242 cum

420 3288 697 3366 spiritus
732 3289 1059 3366 unguenti
1094 3289 1320 3352 suauis
1354 3288 1626 3376 diffugit
1662 3289 1733 3350 in
1770 3310 1970 3353 auras

423 3405 538 3462 aut
565 3398 790 3476 aliquo
816 3419 964 3461 cum
990 3398 1122 3462 iam
1149 3420 1344 3462 sucus
1373 3400 1452 3468 de
1480 3419 1752 3476 corpore
1781 3399 2006 3476 cessit3

423 3507 518 3568 nil
551 3507 756 3570 oculis
786 3515 1008 3571 tamen
1042 3528 1175 3571 esse
1206 3508 1421 3571 minor
1453 3529 1558 3571 res
1589 3508 1736 3586 ipsa
1766 3508 2039 3572 uidetur

424 3624 776 3695 propterea
808 3638 1018 3695 neque
1050 3619 1421 3681 detractum
1456 3619 1535 3682 de
1569 3619 1860 3697 pondere
1894 3618 2265 3696 quicquam,
2634 3613 2736 3663 225

424 3725 737 3789 nimirum
769 3726 927 3804 quia
955 3728 1166 3790 multa
1195 3727 1582 3805 minutaque
1614 3727 1862 3791 semina
1893 3748 2082 3790 sucos

377 3903 382 3908 ,
426 3835 712 3898 efficiunt
744 3843 809 3899 et
841 3837 1104 3900 odorem
1136 3837 1206 3898 in
1238 3843 1379 3906 toto
1408 3858 1681 3916 corpore
1711 3838 1987 3913 rerum.)

449 3967 546 4017 198
565 3968 711 4029 vulg.
742 3967 1042 4017 conlectum

449 4035 545 4084 203
568 4037 833 4101 quoniam
875 4039 1092 4094 <est>
1133 4037 1268 4100 fort.
1310 4037 1581 4096 ghaec>

450 4105 548 4154 224
566 4106 711 4168 ναῖς.
742 4105 854 4154 nilo

1431 4218 1546 4272 [87]
