3182 4602
1131 353 1985 406 zu3.RAE33V]1.Rn11vUffiA.11

526 687 592 743 et
621 680 889 759 penitus
914 688 1132 744 motus
1162 681 1401 745 uitales
1432 680 1894 761 inpediuntur,

527 791 732 854 donec
762 790 1087 868 materies,
1121 791 1331 854 omnis
1361 811 1675 855 concussa
1705 811 1823 870 per
1854 798 2061 868 artuS‚

524 899 754 963 uitalis
782 899 1038 965 animae
1067 902 1272 963 nodos
1301 922 1340 964 a
1368 920 1641 980 corpore
1670 900 1870 964 soluit
2079 966 2087 974 ,
2740 896 2839 944 950

523 1008 1019 1088 dispersamque
1048 1010 1232 1074 foras
1260 1031 1380 1089 per
1409 1011 1635 1074 caulas
1662 1009 1850 1074 eiecit
1880 991 2107 1074 omnis.

495 1120 682 1196 (nam
715 1119 876 1197 quid
909 1127 1252 1198 praeterea
1284 1119 1503 1183 facere
1537 1120 1743 1184 ictum
1776 1139 1962 1198 posse
1994 1139 2259 1182 reamur

526 1229 839 1307 oblatum,
871 1228 1002 1292 nisi
1032 1229 1362 1293 discutere
1395 1250 1471 1293 ac
1504 1229 1863 1293 dissoluere
1898 1229 2271 1308 quaeque't)

440 1338 603 1400 -fit
634 1358 890 1416 quoque
922 1338 1025 1402 uti
1055 1339 1306 1402 soleant
1337 1339 1556 1401 minus
1588 1339 1810 1402 oblato
1839 1339 2082 1403 acriter
2112 1338 2251 1402 ictu

526 1447 767 1526 reliqui
797 1454 1016 1511 motus
1045 1447 1273 1512 uitalis
1303 1447 1571 1512 uincere
1604 1468 1816 1526 saepe,
2741 1444 2841 1494 955

524 1557 809 1634 uincere,
843 1564 907 1621 et
940 1557 1228 1640 ingentis
1261 1558 1496 1636 plagae
1527 1559 1758 1622 sedare
1790 1558 2121 1621 tumultus

525 1667 725 1744 inque
759 1687 912 1730 suos
945 1667 1260 1745 quicquid
1295 1687 1528 1730 rursus
1560 1688 1872 1732 reuocare
1904 1674 2159 1731 meatus

527 1783 592 1839 et
621 1777 809 1854 quasi
838 1777 971 1840 iam
999 1777 1115 1840 leti
1144 1777 1595 1841 dominantem
1626 1777 1697 1838 in
1728 1797 1999 1856 corpore
2030 1784 2281 1840 motum

525 1886 853 1951 discutere
883 1907 957 1950 ac
987 1907 1195 1965 paene
1224 1887 1491 1950 amissos
1519 1887 1874 1951 accendere
1902 1907 2149 1950 sensus.

494 1996 680 2072 (nam
717 2016 921 2073 quare
956 1997 1181 2075 potius
1212 1997 1328 2060 leti
1363 1997 1494 2059 iam
1529 1997 1755 2060 limine
1792 1997 1873 2060 ab
1909 1997 2055 2075 ipso
2743 1994 2841 2043 960

527 2105 611 2167 ad
643 2105 854 2168 uitam
887 2104 1140 2183 possint
1173 2106 1467 2169 conlecta
1496 2111 1713 2169 mente
1747 2105 2016 2182 reuerti,

527 2234 726 2291 quam
758 2234 889 2292 quo
920 2215 1268 2278 decursum
1300 2234 1506 2293 prope
1539 2215 1671 2278 iam
1702 2215 1827 2278 siet
1858 2214 1954 2276 ire
1986 2222 2051 2278 et
2084 2214 2264 2278 abire
2283 2214 2341 2291 ἵ)
3151 2226 3157 2239 “

2741 2543 2840 2592 965
3150 2248 3165 2661 ’

525 570 986 635 dissoluuntur
1017 570 1193 636 enim
1226 571 1562 650 positurae
1598 571 2082 651 principiorum
3146 562 3167 1377 ὅ

565 2325 1006 2389 —Praeterea
1040 2325 1349 2403 quoniam
1385 2326 1571 2388 dolor
1606 2333 1703 2390 est
1736 2326 1851 2413 ubi
1885 2325 2188 2389 materiai

526 2454 803 2513 corpora
832 2434 904 2497 ui
934 2436 1219 2512 quadam
1251 2456 1370 2513 per
1398 2435 1654 2498 uiscera
1682 2435 1844 2498 uiua
1874 2455 1994 2528 per
2024 2442 2213 2498 artus

527 2544 884 2607 sollicitata
915 2544 1052 2607 suis
1082 2544 1426 2622 trepidant
1460 2544 1530 2606 in
1565 2545 1831 2608 sedibus
1862 2544 2063 2621 intuS,

526 2654 726 2731 inque
759 2654 972 2716 locum
1006 2655 1269 2731 quando
1302 2654 1687 2732 remigrant,
1721 2654 1798 2716 fit
1830 2655 2077 2717 blanda
2109 2654 2441 2732 uoluptaS,

525 2763 692 2827 scire
721 2763 873 2827 licet
902 2765 1090 2827 nullo
1116 2764 1483 2842 primordia
1514 2785 1700 2843 posse
1732 2766 1955 2828 dolore

525 2873 841 2953 temptari
871 2875 1252 2951 nullamque
1282 2876 1696 2953 uoluptatem
1727 2894 1959 2954 capere
1992 2894 2070 2936 ex
2101 2894 2167 2936 se

496 2983 1063 3061 (quandoquidem
1095 3004 1227 3045 non
1259 2991 1417 3046 sunt
1449 3005 1528 3046 ex
1559 2983 1716 3045 ullis
1747 2983 2232 3065 principiorum

527 3092 929 3172 corporibus,
963 3112 1242 3170 quorum
1275 3100 1492 3155 motus
1523 3092 1821 3154 nouitate
1854 3093 2154 3155 laborent
2740 3090 2837 3138 970

529 3208 645 3264 aut
679 3201 964 3279 aliquem
999 3201 1298 3265 fructum
1333 3202 1603 3279 capiant
1639 3200 2007 3263 dulcedinis
2042 3201 2313 3276 almae).

441 3312 691 3373 —haut
721 3310 930 3388 igitur
960 3311 1201 3374 debent
1233 3331 1366 3373 esse
1398 3312 1538 3374 ullo
1567 3310 1876 3389 praedita
1905 3331 2118 3373 sensu.

565 3419 951 3497 —Denique
986 3420 1089 3483 uti
1123 3420 1378 3498 possint
1411 3421 1654 3483 sentire
1691 3420 2005 3485 animalia
2039 3442 2353 3500 quaeque,

527 3528 876 3609 principiis
906 3528 962 3590 si
992 3528 1123 3591 iam
1153 3536 1250 3591 est
1281 3550 1508 3592 sensus
1539 3531 1933 3593 tribuendus
1964 3550 2207 3605 eorum,

526 3639 708 3717 quid,
738 3658 944 3717 genus
969 3639 1334 3701 humanum
1366 3638 1721 3716 propritim
1752 3639 1832 3701 de
1863 3638 2104 3715 quibus
2133 3642 2508 3722 auctumst?
2736 3636 2833 3685 975

458 3790 462 3796 -
523 3749 773 3812 scilicet
803 3755 867 3812 et
897 3747 1036 3811 risu
1065 3748 1349 3812 tremulo
1381 3766 1695 3810 concussa
1724 3745 2124 3810 cachinnant

526 3866 592 3922 et
622 3857 911 3921 lacrimis
939 3864 1267 3936 spargunt
1297 3855 1683 3920 rorantibus
1713 3876 1826 3918 ora
1858 3876 2187 3933 genasque

525 3970 864 4045 multaque
897 3968 975 4029 de
1009 3987 1231 4029 rerum
1263 3966 1558 4029 mixtura
1589 3965 1805 4027 dicere
1837 3966 2079 4028 callent

1535 4134 1650 4185 [⁷2]
