3182 4602
1088 402 1148 451 Τ.
1187 401 1511 452 LVGRETI
1549 402 1726 452 CARI

261 627 411 682 —at
443 640 894 698 quaecumque
928 626 1180 697 queunt
1214 618 1605 693 conturbari
1630 618 1830 695 inque
1856 616 2099 696 ‚pediri,

344 730 741 807 significant,
775 730 975 807 paulo
1003 730 1060 791 si
1093 730 1322 792 durior
1353 728 1714 792 insinuarit
1892 786 1896 791 .
2252 784 2255 786 Α
2554 721 2658 781 485

345 860 560 915 causa,
596 839 741 902 fore
772 847 848 902 ut
883 847 1159 917 pereant
1193 860 1356 902 aeuo
1387 839 1659 916 priuata
1693 838 1946 902 futuro

472 950 652 1027 Quin
685 950 882 1013 etiam
915 950 1136 1012 subito
1166 950 1238 1013 ui
1268 949 1480 1014 morbi
1513 969 1707 1026 saepe
1729 954 2003 1015 coactus

345 1067 496 1122 ante
531 1060 750 1123 oculos
781 1060 1021 1137 aliquis
1051 1068 1328 1135 nostr-OS,
1361 1067 1437 1122 ut
1471 1058 1775 1121 fulminis
1806 1057 1964 1134 ictu,

345 1170 634 1233 concidit
664 1177 728 1233 et
758 1190 1026 1248 spumas
1057 1170 1214 1247 agit,
1247 1170 1521 1246 ingemit
1552 1175 1617 1231 et
1647 1168 1874 1231 tremit
1904 1174 2107 1243 artuS,

345 1280 609 1357 desipit,
646 1287 943 1343 extentat
974 1300 1231 1355 11011108,
1268 1286 1637 1356 torquetur,
1672 1278 1939 1342 anhelat
2000 1325 2005 1334 ,
2049 1332 2053 1336 .
2327 1361 2332 1365 .
2558 1272 2658 1321 490

344 1390 816 1465 inconstanter,
849 1397 912 1453 et
943 1390 1013 1451 in
1043 1390 1358 1453 iactando.
1380 1390 1671 1451 membra
1701 1388 1972 1465 fatigat,

344 1500 663 1562 nimirum
693 1500 850 1577 quia
880 1499 984 1561 uis
1015 1500 1244 1576 morbi,
1279 1500 1600 1561 distracta
1630 1518 1749 1576 per
1780 1505 1986 1574 artuS,
2026 1545 2031 1549 -

342 1612 574 1672 turbat
608 1630 807 1687 agens
841 1610 1127 1673 animam
1162 1630 1446 1687 spumaS,
1493 1615 1717 1679 <ut>
1761 1608 1831 1669 in
1865 1627 2145 1685 aequore
2178 1608 2348 1670 salso

342 1727 698 1781 uentorum
731 1720 977 1781 ualidis
1009 1718 1393 1781 feruescunt
1427 1718 1691 1781 uiribus
1717 1719 1955 1782 undae.

344 1830 745 1907 exprimitur
773 1850 974 1907 porro
999 1830 1300 1906 gemituS‚
1330 1828 1487 1935 quia
1513 1830 1805 1891 membra
1834 1828 2060 1933 dolore
2415 1851 2417 1853 ’
2558 1824 2659 1873 495

345 1939 754 2002 adficiuntur
785 1947 848 2002 et
879 1940 1145 2001 omnino
1174 1940 1348 2015 quod
1381 1930 1630 2000 semina
1661 1936 1842 2000 uocis
1950 1938 1953 1943 ’
2240 1930 2245 1937 ’

346 2038 679 2112 eiciuntur
715 2056 779 2112 et
813 2070 922 2112 ore
957 2048 1139 2111 foras
1173 2034 1533 2127 glomerata
1568 2047 1886 2111 feruntur
1944 2037 1947 2043 ’

345 2180 474 2236 qua
511 2159 699 2236 quasi
736 2166 1136 2222 consuerunt
1173 2166 1237 2222 et
1271 2166 1427 2221 sunt
1462 2159 1721 2221 munita
1754 2158 1911 2220 uiai.

347 2269 746 2347 desipientia
775 2269 868 2346 fit,
901 2269 1058 2346 quia
1088 2269 1192 2333 uis
1225 2268 1428 2332 animi
1460 2270 1658 2346 atque
1692 2268 1937 2332 animai
2532 2355 2537 2358 Ι

348 2381 786 2442 conturbatur
816 2387 898 2455 et,
927 2386 1004 2442 ut
1035 2380 1248 2456 docui,
1282 2373 1497 2442 diuisa
1529 2399 1817 2441 seorsum
2024 2377 2027 2380 ’
2108 2459 2111 2462 ἢ
2392 2361 2397 2367 ’
2560 2375 2660 2423 500

347 2490 737 2552 disiectatur
773 2477 996 2553 eodem
1032 2490 1144 2552 illo
1177 2479 1501 2552 distracta
1535 2509 1809 2552 ueneno,

347 2599 499 2663 inde
531 2599 696 2661 ubi
678 2620 810 2662 iam
840 2600 1050 2662 morbi
1081 2599 1337 2663 reflexit
1371 2620 1566 2662 causa
1600 2599 1902 2676 reditque

347 2709 416 2770 in
447 2710 738 2772 latebras
770 2730 919 2772 acer
952 2710 1250 2787 corrupti
1285 2709 1576 2787 corporis
1608 2697 1817 2784 umor,

346 2826 487 2880 tum
523 2820 713 2896 quasi
753 2820 1148 2887 †uaccillans
1182 2819 1471 2897 primum
1508 2819 1846 2896 consurgit
1883 2826 1946 2881 et
1982 2817 2193 2880 omnis

349 2929 672 3005 paulatim
703 2909 876 2992 redit
905 2929 976 2990 in
1006 2950 1232 2992 sensus
1264 2929 1679 3006 animamque
1710 2935 2023 3007 receptat.
2559 2925 2661 2974 505

269 3039 503 3100 —haec
535 3039 745 3116 igitur
775 3039 983 3101 tantis
1010 3039 1125 3102 ubi
1157 3036 1399 3102 morbis
1429 3041 1701 3116 corpore
1733 3040 1803 3099 in
1826 3025 1980 3121 ipso
2108 3022 2111 3026 Δ

350 3147 680 3211 iactentur
712 3149 1094 3226 miserisque
1126 3150 1336 3210 modis
1372 3149 1693 3212 distracta
1725 3150 2045 3224 laborent,

351 3278 466 3319 cur
493 3258 720 3320 eadem
751 3259 962 3320 credis
991 3259 1130 3320 sine
1161 3279 1430 3336 corpore
1462 3259 1532 3319 in
1563 3279 1710 3321 aere
1742 3266 1975 3336 aperto

353 3369 496 3429 cum
529 3367 776 3430 ualidis
808 3357 1028 3431 uentis
1063 3375 1343 3431 aetatem
1378 3370 1613 3446 degere
1648 3360 1876 3447 posse?

475 3479 565 3540 Et
598 3478 908 3555 quoniam
939 3486 1222 3540 mentem
1254 3462 1495 3554 sanari,
1529 3498 1769 3577 corpus
1797 3484 1875 3540 ut
1907 3499 2196 3556 aegrum,
2228 3464 2235 3471 ⁹
2275 3473 2280 3478 ’
2561 3474 2661 3523 510

353 3587 676 3649 cernimus
709 3595 772 3650 et
805 3588 978 3650 flecti
1010 3588 1335 3684 medicina
1367 3608 1552 3666 posse
1581 3571 1903 3690 uidemuS,

354 3694 418 3756 id
451 3717 708 3774 quoque
742 3698 1077 3775 praesagit
1109 3699 1451 3761 mortalem
1483 3698 1713 3760 uiuere
1746 3683 2047 3760 mentem.

272 3807 592 3869 —addere
623 3807 796 3869 enim
829 3807 1042 3885 partis
1075 3815 1191 3870 aut
1225 3808 1453 3870 ordine
1486 3807 1802 3870 traiecere
1836 3814 2123 3869 aecumst

357 3923 466 3978 aut
498 3916 754 3993 aliquid
784 3936 1052 3993 prosum
1085 3918 1164 3980 de
1195 3938 1446 3979 summa
1477 3917 1825 3979 detrahere
1855 3915 2084 3992 hilum,

376 4047 472 4094 493
495 4062 761 4111 spumans
827 4048 923 4096 alii
954 4048 1064 4097 alia

377 4114 475 4162 504
494 4115 629 4176 fort.
662 4115 826 4164 homo
855 4116 1117 4166 titubans
1361 4185 1475 4237 [97]
