3182 4602
1057 441 1160 491 DE
1196 441 1460 491 RERVM
1495 440 1808 491 NATVRA
1846 440 1935 489 IV

473 674 593 717 cur
620 675 697 718 ea
727 675 893 733 quae
923 655 1180 720 fuerint
1212 656 1451 720 iuxtim
1482 657 1831 735 quadrata,
1864 656 2097 735 procul
2126 656 2260 719 sint

470 764 618 827 uisa
645 766 968 842 rutunda,
1006 773 1229 829 tamen
1267 773 1562 843 praestat
1602 766 1880 829 rationis
1917 773 2213 844 egentem

473 875 748 938 reddere
781 876 1086 939 mendose
1121 896 1351 939 causas
1384 876 1734 954 utriusque
1768 876 2039 953 figurae,

474 1003 672 1061 quam
704 984 1008 1047 manibus
1043 985 1397 1049 manifesta
1435 985 1572 1048 suis
1605 985 1901 1048 emittere
1938 1005 2267 1063 quoquam

473 1100 537 1156 et
569 1094 821 1158 uiolare
854 1094 1050 1157 fidem
1084 1095 1367 1173 primam
1402 1102 1466 1159 et
1501 1095 1868 1159 conuellere
1900 1101 2044 1158 tota
2486 1122 2491 1125 ·
2684 1091 2787 1140 505

473 1203 914 1267 fundamenta
940 1203 1179 1282 quibus
1206 1204 1482 1268 nixatur
1510 1204 1655 1267 uita
1684 1205 2017 1282 salusque.‘

473 1333 606 1376 non
635 1314 826 1376 modo
858 1314 1031 1377 enim
1062 1315 1237 1377 ratio
1265 1322 1420 1377 ruat
1451 1314 1681 1391 omnis,
1713 1314 1859 1378 uita
1889 1334 2146 1392 quoque
2176 1313 2324 1391 ipsa

475 1423 777 1485 concidat
812 1423 1158 1501 extemplo,
1193 1424 1322 1486 nisi
1355 1425 1619 1487 credere
1655 1424 1951 1486 sensibus
1985 1423 2162 1486 ausis

472 1532 984 1610 praecipitisque
1015 1533 1188 1596 locos
1215 1534 1432 1597 uitare
1463 1542 1526 1597 et
1557 1540 1775 1597 cetera
1806 1554 1973 1615 quae
2002 1533 2136 1595 sint

475 1641 546 1703 in
581 1662 814 1719 genere
847 1644 968 1705 hoc
1003 1641 1344 1720 fugienda,
1379 1644 1562 1721 sequi
1597 1643 1931 1706 contraria
1963 1664 2129 1720 quae
2163 1642 2316 1706 sint.
2685 1640 2785 1689 510

389 1750 594 1815 —illa
624 1752 747 1814 tibi
781 1758 876 1815 est
911 1752 1119 1829 igitur
1151 1753 1506 1815 uerborum
1540 1752 1727 1831 copia
1762 1773 1942 1816 cassa

475 1862 685 1924 omnis
718 1882 884 1939 quae
918 1868 1151 1925 contra
1181 1882 1408 1924 sensus
1442 1862 1773 1925 instructa
1806 1868 2126 1940 paratast.

1195 1968 1295 2017 DE
1343 1967 1583 2019 FALSO
1631 1968 1875 2018 SENSV

445 2056 760 2134 (denique
789 2063 867 2119 ut
898 2056 969 2118 in
1001 2056 1276 2133 fabrica,
1310 2058 1366 2119 si
1398 2063 1674 2135 prauast
1707 2057 1937 2134 regula
1969 2056 2204 2135 prima,

475 2186 834 2244 normaque
868 2166 924 2228 si
958 2166 1168 2231 fallax
1203 2167 1401 2230 rectis
1433 2166 1812 2243 regionibus
1847 2166 2000 2243 exit,

476 2283 538 2338 et
572 2276 793 2339 libella
829 2276 1053 2354 aliqua
1086 2276 1139 2338 si
1175 2296 1253 2338 ex
1287 2276 1466 2355 parti
1501 2276 1831 2340 claudicat
1865 2275 2095 2353 hilum,
2431 2268 2437 2275 ⁹
2687 2272 2787 2323 515

478 2386 696 2449 omnia
727 2383 1031 2450 mendose
1063 2386 1207 2450 fieri
1240 2393 1436 2464 atque
1471 2387 1731 2464 obstipa
1763 2393 2092 2450 necessust

477 2516 691 2573 praua
724 2496 1035 2559 cubantia
1069 2516 1280 2573 prona
1313 2496 1554 2574 supina
1588 2503 1786 2573 atque
1821 2497 2063 2559 absona
2094 2502 2285 2573 tecta,

478 2605 608 2668 iam
644 2626 835 2669 ruere
870 2611 947 2669 ut
982 2607 1304 2682 quaedam
1338 2606 1701 2668 uideantur
1735 2606 1925 2682 uelle,
1961 2591 2291 2682 ruantque

478 2715 744 2792 prodita
778 2714 1042 2777 iudiciis
1072 2715 1422 2778 fallacibus
1456 2715 1676 2778 omnia
1709 2715 1961 2793 primis,

477 2824 568 2886 sic
599 2823 807 2901 igitur
835 2824 1009 2887 ratio
1035 2824 1158 2886 tibi
1190 2845 1411 2887 rerum
1444 2845 1657 2902 praua
1688 2831 2006 2888 necessest
2192 2837 2197 2841 ’
2687 2821 2787 2870 520

479 2933 777 3010 falsaque
809 2934 915 3009 sit,
949 2932 1138 2996 falsis
1172 2954 1617 3011 quaecumque
1653 2935 1734 2997 ab
1768 2918 2065 2996 sensibus
2098 2934 2358 3009 ortast.)

602 3320 795 3383 Nunc
829 3321 943 3383 alii
976 3342 1202 3384 sensus
1234 3342 1363 3398 quo
1394 3329 1589 3400 pacto
1622 3322 1897 3399 quisque
1927 3342 2113 3384 suam
2143 3342 2279 3384 rem

476 3429 738 3507 sentiat,
774 3431 1289 3507 haudquaquam
1326 3431 1502 3494 ratio
1535 3450 1848 3509 scruposa
1885 3431 2116 3494 relicta
2152 3437 2267 3494 est.

1081 3783 1089 3787 -
1305 3732 1404 3782 DE
1450 3687 1765 3781 Avmms
1902 3796 1905 3803 Ι

606 3818 950 3897 Principio
981 3819 1255 3882 auditur
1289 3839 1486 3882 sonus
1520 3827 1584 3882 et
1618 3840 1749 3882 uox
1783 3819 2009 3910 omniS‚
2046 3819 2117 3881 in
2150 3819 2330 3882 auris

480 3929 819 3992 insinuata
849 3949 968 3993 suo
1002 3930 1313 4007 pepulere
1346 3929 1462 3991 ubi
1497 3949 1768 4007 corpore
1804 3949 2083 3992 sensum.
2688 3926 2788 3976 525

479 4060 604 4108 ‚516
624 4059 768 4120 vuly.
799 4073 1013 4108 necesse
1043 4063 1126 4110 est

1471 4211 1619 4263 [136]
