3182 4602
1133 417 1193 465 T.
1217 463 1220 466 ,
1236 417 1561 468 LVGRETI
1603 417 1779 470 CARI

383 630 475 706 fit
509 650 766 708 quoque
800 636 877 693 ut
911 631 1250 694 interdum
1282 631 1495 694 ualidi
1527 631 1633 694 uis
1666 631 1873 694 incita
1904 630 2093 695 uenti

386 739 767 817 perscindat
800 741 1042 803 nubem
1076 740 1502 819 perfringens
1536 741 1778 818 impete
1814 747 2010 804 recto.

300 869 540 912 —nam
572 849 734 927 quid
768 850 974 928 possit
1007 850 1099 912 ibi
1132 851 1330 913 flatus
1362 850 1720 914 manifesta
1751 852 1939 913 docet
1970 871 2093 927 res,

385 959 511 1035 hic,
544 959 662 1022 ubi
690 959 900 1022 lenior
931 967 1048 1038 est,
1080 961 1151 1021 in
1182 967 1365 1023 terra
1395 981 1543 1023 cum
1574 967 1796 1023 tamen
1828 961 1964 1023 alta
2601 955 2700 1003 140

387 1071 663 1156 arbusta
695 1071 1006 1134 euoluens
1039 1069 1375 1133 radicibus
1408 1069 1637 1133 haurit
1674 1071 1754 1133 ab
1789 1069 1955 1132 imis.

385 1186 543 1241 sunt
578 1179 777 1242 etiam
812 1180 1056 1242 fluctus
1087 1200 1206 1258 per
1240 1179 1488 1256 nubila,
1525 1179 1640 1258 qui
1677 1179 1865 1257 quasi
1892 1199 2200 1278 murmur

387 1290 553 1351 dant
583 1289 656 1350 in
688 1288 1064 1366 frangendo
1092 1290 1424 1367 grauiter3
1457 1290 1631 1367 quod
1664 1289 1822 1352 item
1852 1288 1927 1351 fit
1959 1289 2030 1349 in
2061 1289 2213 1351 altis

386 1398 772 1461 fluminibus
805 1419 1172 1476 magnoque
1208 1399 1396 1476 mari,
1433 1420 1582 1461 cum
1619 1398 1964 1477 frangitur
2000 1405 2237 1462 aestus,

385 1508 476 1585 fit
509 1529 786 1586 quoque,
819 1509 933 1571 ubi
968 1531 1001 1572 e
1033 1509 1197 1571 nubi
1229 1509 1301 1570 in
1331 1511 1573 1571 nubem
1607 1509 1711 1570 uis
1744 1508 1980 1570 incidit
2014 1509 2256 1571 ardens
2602 1505 2702 1553 145

382 1597 728 1695 fulminis3
761 1619 921 1682 haec
952 1620 1164 1681 multo
1195 1619 1251 1680 si
1285 1618 1460 1680 forte
1494 1638 1719 1680 umore
1752 1618 2002 1695 recepit

387 1728 626 1806 ignem,
666 1728 981 1791 continuo
1016 1748 1255 1806 magno
1294 1729 1573 1791 clamore
1614 1727 1943 1804 trucidat3

387 1845 464 1900 ut
499 1837 731 1900 calidis
763 1839 1050 1900 candens
1084 1819 1340 1900 ferrum
1375 1858 1407 1899 e
1441 1837 1826 1900 fornacibus
1861 1837 2014 1899 olim

387 1947 634 2023 stridit,
668 1947 784 2010 ubi
814 1947 886 2008 in
917 1947 1209 2025 gelidum
1241 1968 1521 2026 propere
1555 1947 1983 2010 demersimus
2014 1946 2306 2009 imbrem.

389 2057 640 2119 aridior
671 2077 872 2134 porro
897 2057 953 2119 si
984 2059 1189 2120 nubes
1219 2057 1461 2134 accipit
1490 2057 1730 2134 ignem,
2601 2052 2702 2101 150

388 2167 614 2229 uritur
645 2166 902 2244 ingenti
935 2167 1157 2228 sonitu
1188 2187 1498 2229 succensa
1530 2173 1836 2244 repente3

389 2276 782 2341 lauricomos
809 2284 887 2340 ut
917 2277 972 2339 si
1005 2296 1124 2355 per
1156 2277 1397 2339 montis
1429 2276 1695 2345 flamma
1724 2282 2008 2354 uagetur

388 2386 656 2451 turbine
689 2394 1042 2450 uentorum
1076 2389 1461 2449 comburens
1496 2387 1739 2464 impete
1771 2406 2044 2464 magno;
2243 2466 2246 2470 ἱ

391 2516 511 2559 nec
539 2516 644 2559 res
671 2498 812 2559 ulla
841 2497 1050 2574 magis
1081 2517 1278 2574 quam
1309 2496 1555 2559 Phoebi
1586 2496 1910 2574 Delphica
1941 2497 2171 2559 laurus

311 2678 316 2685 ,
390 2606 678 2669 terribili
709 2606 931 2669 sonitu
963 2607 1227 2669 flamma
1258 2606 1627 2683 crepitante
1661 2612 2011 2668 crematur.
2604 2602 2705 2650 155

391 2716 673 2794 denique
707 2736 899 2795 saepe
936 2716 1064 2793 geli
1098 2718 1350 2778 multus
1386 2715 1616 2794 fragor
1652 2722 1858 2792 atque.
1886 2714 2085 2777 ruina

392 2826 738 2903 grandinis
770 2827 840 2887 in
870 2826 1128 2903 magnis
1157 2826 1446 2889 sonitum
1479 2827 1595 2888 dat
1626 2826 1913 2887 nubibus
1944 2826 2095 2888 alte.

361 2936 635 3012 (uentus
670 2936 844 2997 enim
878 2957 1026 2998 cum
1063 2935 1404 3013 confercit,
1443 2935 1857 3013 franguntur
1893 2935 1965 2996 in
2001 2942 2221 2997 artum

392 3046 679 3108 concreti
713 3053 967 3108 montes
999 3045 1370 3107 nimborum
1405 3053 1469 3108 et
1505 3044 1830 3123 grandine
1864 3044 2109 3120 mixti.)

1202 3319 1302 3369 DE
1344 3319 1701 3369 FVLGVRE

519 3408 751 3487 Fulgit
783 3409 959 3485 item,
992 3410 1198 3471 nubes
1229 3408 1402 3485 ignis
1435 3429 1584 3470 cum
1617 3408 1865 3499 semina
1896 3409 2108 3471 multa
2606 3406 2707 3454 160

393 3539 731 3582 excussere
764 3538 884 3581 suo
915 3538 1270 3594 concursu3
1307 3539 1426 3581 ceu
1460 3517 1750 3595 lapidem
1783 3518 1838 3579 si

393 3628 725 3706 percutiat
760 3628 933 3705 lapis
965 3634 1082 3690 aut
1118 3627 1408 3703 ferrum3
1457 3628 1645 3703 (nam
1679 3633 1821 3689 tum
1857 3647 2113 3704 quoque
2148 3627 2371 3689 lumen

393 3737 580 3800 exilit
613 3745 676 3800 et
710 3738 922 3800 claras
955 3737 1275 3800 scintillas
1308 3737 1590 3814 dissipat
1622 3736 1859 3815 ignis).

392 3848 506 3910 sed
538 3847 864 3909 tonitrum
897 3846 973 3908 fit
1005 3846 1108 3910 uti
1143 3853 1291 3924 post
1327 3846 1600 3909 auribus
1636 3846 2053 3923 accipiamus

415 3978 518 4027 144
537 3982 655 4027 aest
723 3978 856 4039 fort.
892 3977 1116 4043 frangit
1147 3978 1211 4026 in‘
1239 3981 1459 4027 aestum

416 4048 516 4095 149
535 4049 769 4111 propter
837 4044 970 4106 fort.
1004 4045 1223 4109 pariter

1384 4190 1530 4240 [219]
