3182 4602
1204 440 1306 491 DE
1342 440 1607 490 RERVM
1644 439 1953 489 NATVRA
1999 438 2080 489 1⁷1

615 676 736 718 nec
771 655 1069 720 cohibere
1101 655 1293 719 niues
1326 656 1576 735 gelidas
1612 662 1677 720 et
1712 654 2059 734 grandinis
2093 653 2341 717 imbris.

613 767 781 828 dant
815 765 1014 828 etiam
1048 765 1335 828 sonitum
1371 766 1588 844 patuli
1622 785 1823 843 super
1857 784 2141 842 aequora
2173 763 2428 841 mundi,

618 877 930 938 carbasus
959 882 1038 938 ut
1071 877 1346 938 condam
1379 875 1638 954 magnis
1669 875 1931 938 intenta
1962 873 2241 937 theatris

615 986 734 1049 dat
767 985 1094 1064 crepitum
1126 986 1330 1049 malos
1364 985 1542 1048 inter
1573 985 1822 1048 iactata
1855 986 2221 1062 trabesque,
2839 979 2939 1028 110

617 1095 954 1159 interdum
990 1095 1310 1174 perscissa
1344 1095 1517 1158 furit
1553 1093 2013 1173 petulantibus
2044 1092 2226 1157 auris

617 1211 681 1268 et
711 1204 976 1284 fragilis
1018 1206 1418 1276 <sonitu-s>
1461 1206 1844 1268 chartarum
1877 1203 2401 1266 commeditatur.

583 1314 687 1391 (id
718 1335 974 1392 quoque
1005 1315 1179 1378 enim
1209 1335 1414 1393 genus
1442 1315 1513 1375 in
1541 1315 1800 1376 tonitru
1830 1333 2214 1390 cognoscere
2245 1312 2471 1390 possis,

617 1430 734 1487 aut
765 1424 880 1486 ubi
912 1444 1294 1502 suspensam
1325 1431 1574 1487 uestem
1607 1424 1998 1501 chartasque
2030 1421 2320 1485 uolantis

616 1534 1004 1596 uerberibus
1030 1534 1217 1597 uenti
1249 1539 1521 1596 uersant
1554 1533 2015 1610 planguntque
2049 1553 2169 1610 per
2201 1532 2451 1608 auras.)
2838 1528 2937 1577 115

611 1643 704 1720 sit
736 1663 993 1721 quoque
1026 1644 1199 1705 enim
1231 1643 1568 1706 interdum
1611 1650 1835 1713 <ut>
1877 1662 2011 1704 non
2040 1648 2179 1704 tam
2212 1660 2603 1704 concurrere
2634 1641 2847 1704 nubes

618 1751 954 1816 frontibus
987 1753 1284 1816 aduersis
1318 1753 1571 1831 possint
1606 1773 1804 1830 quam
1839 1753 1919 1817 de
1952 1753 2159 1816 latere
2193 1751 2290 1815 ire

614 1862 880 1925 diuerso
912 1869 1096 1925 motu
1130 1863 1439 1926 radentes
1472 1882 1751 1941 corpora
1786 1862 2071 1938 tractim,

615 1973 846 2035 aridus
879 1973 1057 2036 unde
1093 1972 1274 2035 auris
1306 1979 1520 2050 terget
1555 1993 1755 2035 sonus
1789 1972 1900 2036 ille
1936 1972 2181 2050 diuque

614 2082 904 2159 ducitur,
939 2083 1243 2144 exierunt
1275 2084 1479 2145 donec
1511 2082 1889 2160 regionibus
1923 2082 2105 2145 artiS.
2834 2077 2929 2126 120

741 2193 886 2254 Hoc
918 2191 1116 2255 etiam
1148 2199 1344 2269 pacto
1371 2192 1631 2254 tonitru
1664 2212 1975 2255 concussa
2006 2191 2327 2255 uidentur

613 2301 834 2366 omnia
863 2324 1055 2381 saepe
1085 2301 1280 2381 graui
1312 2310 1590 2365 tremere
1624 2310 1687 2366 et
1719 2301 1975 2365 diuolsa
2006 2308 2278 2380 repente

613 2412 900 2476 maxima
933 2412 1293 2476 dissiluisse
1327 2412 1586 2490 capacis
1618 2412 1875 2475 moenia
1907 2412 2161 2489 mundi,

615 2542 763 2584 cum
797 2522 1014 2585 subito
1046 2522 1259 2585 ualidi
1290 2522 1476 2585 uenti
1509 2523 1802 2585 conlecta
1835 2522 2122 2599 procella

612 2631 900 2695 nubibus
932 2632 1199 2695 intorsit
1229 2652 1365 2695 sese
1398 2632 1830 2708 conclusaque
1864 2631 2105 2693 ibidem
2833 2627 2927 2675 125

614 2741 880 2803 turbine
913 2742 1209 2804 uersanti
1239 2741 1448 2819 magis
1482 2762 1556 2804 ac
1587 2740 1797 2818 magis
1829 2740 2124 2817 undique
2156 2742 2396 2802 nubem

615 2850 789 2927 cogit
819 2850 921 2913 uti
953 2850 1071 2913 fiat
1103 2851 1309 2929 spisso
1343 2872 1508 2915 caua
1542 2870 1814 2928 corpore
1846 2850 2112 2926 circum,

615 2968 762 3038 post
796 2960 912 3022 ubi
944 2961 1308 3053 conminuit
1339 2961 1444 3023 uis
1476 2960 1616 3022 eius
1650 2968 1714 3023 et
1747 2960 2035 3037 impetus
2068 2980 2235 3035 acer,

613 3076 756 3132 tum
787 3070 1274 3148 perterricrepo
1301 3071 1522 3133 sonitu
1553 3071 1670 3133 dat
1699 3070 1899 3132 missa
1928 3068 2281 3147 fragorem.

527 3200 730 3241 —nec
761 3180 1023 3255 mirum,
1057 3200 1206 3242 cum
1238 3181 1435 3257 plena
1466 3180 1721 3243 animae
1752 3178 2094 3242 uensicula
2124 3198 2339 3256 parua
2800 3156 2804 3161 ⁴
2829 3169 2923 3224 130

613 3310 805 3367 saepe
836 3289 933 3352 ita
963 3290 1079 3352 dat
1112 3309 1426 3366 magnum
1458 3289 1747 3351 sonitum
1778 3288 2071 3366 displosa
2102 3295 2392 3366 repente.

740 3400 862 3461 Est
895 3399 1092 3461 etiam
1125 3398 1316 3475 ratic,
1352 3419 1500 3460 cum
1531 3398 1718 3461 uenti
1750 3398 1980 3462 nubila
2012 3398 2319 3476 perfiant,

612 3516 688 3571 ut
721 3509 975 3571 sonitus
1008 3508 1281 3571 faciant.
1361 3507 1601 3571 etenim
1634 3528 1893 3570 ramosa
1922 3506 2225 3571 uidemus

613 3618 843 3681 nubila
874 3638 1066 3695 saepe
1098 3618 1308 3679 modis
1341 3616 1572 3679 multis
1606 3623 1801 3693 atque
1837 3636 2073 3694 aspera
2105 3615 2305 3692 ferri3

611 3728 858 3791 scilicet
891 3735 986 3804 ut,
1021 3729 1316 3790 crebram
1348 3727 1586 3789 siluam
1618 3747 1766 3788 cum
1796 3726 2066 3789 flamina
2096 3726 2282 3789 cauri
2824 3721 2918 3769 135

613 3837 919 3915 perflant,
954 3838 1117 3900 dant
1150 3837 1438 3899 sonitum
1472 3835 1745 3898 frondes
1780 3834 2075 3912 ramique
2110 3834 2461 3913 fragorem.

638 3970 745 4019 128.
759 3970 894 4031 fort.
929 3968 1224 4018 communit
1355 3967 1468 4018 uiss
1504 3969 1639 4030 fort.
1673 3967 1756 4017 vis
1790 3983 1846 4017 se

635 4035 735 4084 129
754 4036 900 4095 vuly.
934 4034 1104 4084 scissa

1603 4218 1750 4269 [218]
