3182 4602
1004 371 1106 419 DE
1143 371 1407 419 RERVM
1442 370 1751 420 NATVRA
1793 371 1826 420 I

354 585 670 650 disserere
699 587 1014 666 incipiam
1044 594 1109 650 et
1137 608 1360 650 rerum
1389 587 1756 664 primordia
1787 587 2094 665 pandam,

353 697 529 760 unde
564 696 774 759 omnis
804 703 1051 760 natura
1085 703 1260 760 creet
1295 717 1398 760 res
1434 703 1655 760 auctet
1690 697 1974 774 alatque,

355 826 566 883 quoue
599 807 824 869 eadem
857 827 1122 870 rursum
1154 814 1401 870 natura
1433 813 1779 884 perempta
1808 806 2115 883 resoluat,

353 936 520 993 quae
549 936 668 978 nos
697 916 1037 979 materiem
1067 923 1131 980 et
1163 916 1482 993 genitalia
1512 936 1790 994 corpora
1821 916 2017 980 rebus

354 1026 704 1089 reddunda
739 1026 810 1087 in
845 1026 1102 1089 ratione
1138 1046 1375 1089 uocare
1413 1033 1476 1089 et
1514 1025 1763 1088 semina
1798 1046 2021 1088 rerum

355 1136 690 1213 appellare
721 1125 983 1198 suemus
1015 1137 1268 1199 ethaeo
1299 1136 1524 1198 eadem
1555 1156 1882 1213 usurpare

356 1265 630 1323 corpora
660 1245 895 1323 prima,
928 1246 1102 1322 quod
1134 1265 1213 1306 ex
1242 1245 1377 1307 illis
1406 1252 1562 1308 sunt
1596 1245 1815 1308 omnia
1847 1244 2098 1323 primis,

855 1374 878 1427 ι’

1058 1604 1256 1654 LAVS
1297 1599 1771 1654 INVENTOR-IS

479 1693 794 1756 Humana
827 1699 981 1757 ante
1013 1694 1232 1756 oculos
1263 1693 1455 1757 foede
1487 1714 1637 1756 cum
1669 1693 1813 1756 uita
1846 1693 2087 1755 iaceret

356 1802 424 1863 in
453 1803 652 1866 terris
682 1823 995 1882 oppressa
1026 1803 1219 1881 graui
1251 1805 1371 1866 sub
1403 1803 1721 1880 religione

356 1932 519 1989 quae
552 1920 754 1991 caput
789 1934 826 1976 a
859 1913 1021 1976 caeli
1053 1913 1432 1990 regionibus
1462 1913 1846 1975 ostendebat

353 2022 657 2084 horribili
689 2043 891 2100 super
922 2029 1193 2101 aspectu
1223 2022 1617 2085 mortalibus
1646 2022 1921 2098 instans,

354 2131 644 2209 primum
680 2132 922 2196 Graius
953 2133 1145 2195 homo
1176 2132 1475 2196 mortalis
1507 2133 1737 2194 tollere
1772 2139 2004 2195 contra

357 2248 450 2305 est
483 2242 702 2305 oeulos
732 2263 930 2306 ausus
961 2243 1345 2321 primusque
1379 2242 1690 2306 obsistere
1723 2249 1971 2320 eontra,

355 2372 546 2429 quem
576 2372 785 2429 neque
817 2352 999 2415 fama
1028 2354 1224 2416 deum
1252 2373 1371 2415 nee
1403 2352 1691 2416 fulmina
1720 2373 1838 2415 nee
1868 2352 2208 2416 minitanti

354 2482 692 2525 murmure
725 2460 1107 2540 compressit
1142 2464 1412 2538 eaelum,
1448 2464 1561 2525 sed
1596 2482 1672 2526 eo
1702 2462 1911 2541 magis
1945 2483 2159 2525 acrem

356 2571 592 2633 inritat
624 2572 826 2635 animi
855 2572 1196 2649 uirtutem,
1232 2572 1582 2651 effringere
1613 2580 1690 2635 ut
1722 2580 1871 2637 arta

354 2689 636 2745 naturae
671 2682 926 2759 primus
960 2689 1307 2760 portarum
1341 2683 1633 2745 claustra
1666 2683 1944 2761 cupiret.

275 2811 512 2868 ——ergo
541 2790 778 2855 uiuida
808 2792 912 2854 uis
943 2792 1149 2855 animi
1182 2791 1486 2870 peruicit,
1522 2799 1584 2854 et
1620 2799 1807 2855 extra

357 2901 672 2978 prooessit
702 2902 894 2978 longe
926 2901 1336 2965 flammantia
1367 2902 1625 2965 moenia
1657 2901 1889 2964 mundi

357 3018 553 3088 atque
586 3031 773 3074 omne
806 3010 1194 3074 immensum
1227 3011 1616 3090 peragrauit
1649 3018 1866 3075 mente
1900 3011 2265 3090 animoque,

354 3121 531 3183 unde
564 3119 774 3183 refert
803 3121 994 3183 nobis
1021 3120 1238 3183 uictor
1269 3120 1430 3198 quid
1464 3121 1670 3199 possit
1701 3121 1881 3197 oriri,

358 3230 519 3307 quid
553 3236 854 3307 nequeat,
891 3230 1083 3293 finita
1118 3237 1408 3308 potestas
1443 3230 1726 3308 denique
1762 3230 1999 3307 cuique

359 3359 643 3416 quanam
679 3339 765 3402 sit
799 3339 1054 3402 ratione
1092 3347 1288 3417 atque
1324 3341 1455 3403 alte
1490 3339 1815 3403 terminus
1848 3341 2143 3403 haerens

278 3469 560 3525 —quare
593 3448 829 3526 religio
860 3449 1140 3527 pedibus
1173 3449 1467 3513 subiecta
1500 3449 1792 3513 uicissim

359 3558 707 3636 opteritur,
741 3578 860 3621 nos
893 3566 1213 3635 exaequat
1244 3558 1528 3622 uictoria
1561 3560 1758 3621 caele.

484 3836 663 3899 Illud
694 3836 766 3898 in
796 3836 898 3899 his
928 3838 1124 3900 rebus
1151 3857 1402 3914 uereor,
1435 3858 1516 3899 ne
1548 3837 1723 3901 forte
1755 3838 1963 3901 rearis

363 3943 544 4023 inpia
576 3952 642 4010 te
675 3946 953 4009 rationis
984 3946 1154 4010 inire
1186 3947 1508 4010 elementa
1536 3948 1847 4025 uiamque

387 4076 446 4125 71
486 4080 718 4142 cuperet
1397 4154 1413 4206 [

1422 4155 1477 4206 3]

2600 582 2667 630 55

2600 1131 2668 1182 60

2602 2016 2669 2067 65

2606 2570 2671 2618 70

2605 3118 2672 3167 75

2606 3835 2671 3884 80
