<?xml version="1.0" encoding="UTF-8"?>
<!DOCTYPE html PUBLIC "-//W3C//DTD XHTML 1.0 Transitional//EN"
    "http://www.w3.org/TR/xhtml1/DTD/xhtml1-transitional.dtd">
<html xmlns="http://www.w3.org/1999/xhtml" xml:lang="en" lang="en">
 <head>
  <title>
</title>
<meta http-equiv="Content-Type" content="text/html;charset=utf-8" />
  <meta name='ocr-system' content='tesseract 3.04.00' />
  <meta name='ocr-capabilities' content='ocr_page ocr_carea ocr_par ocr_line ocrx_word'/>
</head>
<body>
  <div class='ocr_page' id='page_1' title='image "./lvcretiderervmn00unkngoog_0266.png"; bbox 0 0 3182 4602; ppageno 0'>
   <div class='ocr_carea' id='block_1_1' title="bbox 1197 450 1842 502">
    <p class='ocr_par' dir='ltr' id='par_1_1' title="bbox 1197 450 1842 502">
     <span class='ocr_line' id='line_1_1' title="bbox 1197 450 1842 502; baseline 0 -2"><span class='ocrx_word' id='word_1_1' title='bbox 1197 453 1256 500; x_wconf 90' lang='lat' dir='ltr'>T.</span> <span class='ocrx_word' id='word_1_2' title='bbox 1299 451 1625 502; x_wconf 80' lang='lat' dir='ltr'><strong><em>LVGRETI</em></strong></span> <span class='ocrx_word' id='word_1_3' title='bbox 1666 450 1842 501; x_wconf 79' lang='lat' dir='ltr'><strong><em>GARI</em></strong></span> 
     </span>
    </p>
   </div>
   <div class='ocr_carea' id='block_1_2' title="bbox 368 659 2779 3926">
    <p class='ocr_par' dir='ltr' id='par_1_2' title="bbox 453 659 2763 853">
     <span class='ocr_line' id='line_1_2' title="bbox 453 659 2763 746; baseline -0.002 -16"><span class='ocrx_word' id='word_1_4' title='bbox 453 673 650 744; x_wconf 91' lang='lat' dir='ltr'>atque</span> <span class='ocrx_word' id='word_1_5' title='bbox 679 687 798 746; x_wconf 93' lang='lat' dir='ltr'>per</span> <span class='ocrx_word' id='word_1_6' title='bbox 830 687 937 730; x_wconf 89' lang='lat' dir='ltr'>aes</span> <span class='ocrx_word' id='word_1_7' title='bbox 967 667 1198 745; x_wconf 88' lang='lat' dir='ltr'>agitat,</span> <span class='ocrx_word' id='word_1_8' title='bbox 1229 667 1367 729; x_wconf 90' lang='lat' dir='ltr'>sine</span> <span class='ocrx_word' id='word_1_9' title='bbox 1399 686 1474 729; x_wconf 89' lang='lat' dir='ltr'>eo</span> <span class='ocrx_word' id='word_1_10' title='bbox 1502 667 1677 744; x_wconf 92' lang='lat' dir='ltr'>quod</span> <span class='ocrx_word' id='word_1_11' title='bbox 1710 686 1901 744; x_wconf 83' lang='lat' dir='ltr'>saepe</span> <span class='ocrx_word' id='word_1_12' title='bbox 1933 666 2242 727; x_wconf 84' lang='lat' dir='ltr'><strong>resorbet.</strong></span> <span class='ocrx_word' id='word_1_13' title='bbox 2627 659 2763 707; x_wconf 89' lang='lat'>1055</span> 
     </span>
     <span class='ocr_line' id='line_1_3' title="bbox 578 775 2183 853; baseline -0.001 -15"><span class='ocrx_word' id='word_1_14' title='bbox 578 778 759 840; x_wconf 90' lang='lat' dir='ltr'>Illud</span> <span class='ocrx_word' id='word_1_15' title='bbox 792 777 862 838; x_wconf 93' lang='lat' dir='ltr'>in</span> <span class='ocrx_word' id='word_1_16' title='bbox 891 777 994 839; x_wconf 91' lang='lat' dir='ltr'>his</span> <span class='ocrx_word' id='word_1_17' title='bbox 1026 779 1222 840; x_wconf 90' lang='lat' dir='ltr'>rebus</span> <span class='ocrx_word' id='word_1_18' title='bbox 1250 776 1483 840; x_wconf 89' lang='lat' dir='ltr'>mirari</span> <span class='ocrx_word' id='word_1_19' title='bbox 1513 776 1723 852; x_wconf 89' lang='lat' dir='ltr'>mitte,</span> <span class='ocrx_word' id='word_1_20' title='bbox 1756 775 1931 853; x_wconf 89' lang='lat' dir='ltr'>quod</span> <span class='ocrx_word' id='word_1_21' title='bbox 1964 781 2183 838; x_wconf 89' lang='lat' dir='ltr'>aestus</span> 
     </span>
    </p>

    <p class='ocr_par' dir='ltr' id='par_1_3' title="bbox 452 884 2195 965">
     <span class='ocr_line' id='line_1_4' title="bbox 452 884 2195 965; baseline -0.002 -16"><span class='ocrx_word' id='word_1_22' title='bbox 452 907 584 950; x_wconf 94' lang='lat' dir='ltr'>non</span> <span class='ocrx_word' id='word_1_23' title='bbox 617 889 798 950; x_wconf 84' lang='lat' dir='ltr'>ualet</span> <span class='ocrx_word' id='word_1_24' title='bbox 832 909 866 950; x_wconf 94' lang='lat' dir='ltr'>e</span> <span class='ocrx_word' id='word_1_25' title='bbox 901 887 1122 965; x_wconf 91' lang='lat' dir='ltr'>lapide</span> <span class='ocrx_word' id='word_1_26' title='bbox 1157 888 1278 949; x_wconf 93' lang='lat' dir='ltr'>hoc</span> <span class='ocrx_word' id='word_1_27' title='bbox 1313 886 1476 950; x_wconf 87' lang='lat' dir='ltr'>alias</span> <span class='ocrx_word' id='word_1_28' title='bbox 1511 886 1846 964; x_wconf 85' lang='lat' dir='ltr'>impellere</span> <span class='ocrx_word' id='word_1_29' title='bbox 1882 884 2039 948; x_wconf 89' lang='lat' dir='ltr'>item</span> <span class='ocrx_word' id='word_1_30' title='bbox 2073 905 2195 947; x_wconf 80' lang='lat' dir='ltr'>reS.</span> 
     </span>
    </p>

    <p class='ocr_par' dir='ltr' id='par_1_4' title="bbox 451 996 2455 1074">
     <span class='ocr_line' id='line_1_5' title="bbox 451 996 2455 1074; baseline -0.002 -15"><span class='ocrx_word' id='word_1_31' title='bbox 451 999 742 1074; x_wconf 86' lang='lat' dir='ltr'>pondere</span> <span class='ocrx_word' id='word_1_32' title='bbox 773 997 946 1058; x_wconf 92' lang='lat' dir='ltr'>enim</span> <span class='ocrx_word' id='word_1_33' title='bbox 979 996 1192 1060; x_wconf 81' lang='lat' dir='ltr'>fretae</span> <span class='ocrx_word' id='word_1_34' title='bbox 1225 997 1472 1074; x_wconf 88' lang='lat' dir='ltr'>partim</span> <span class='ocrx_word' id='word_1_35' title='bbox 1505 1003 1705 1072; x_wconf 89' lang='lat' dir='ltr'>stant,</span> <span class='ocrx_word' id='word_1_36' title='bbox 1739 996 1913 1073; x_wconf 93' lang='lat' dir='ltr'>quod</span> <span class='ocrx_word' id='word_1_37' title='bbox 1948 1015 2152 1072; x_wconf 89' lang='lat' dir='ltr'>genus</span> <span class='ocrx_word' id='word_1_38' title='bbox 2184 1014 2455 1069; x_wconf 83' lang='lat' dir='ltr'>aurum3</span> 
     </span>
    </p>

    <p class='ocr_par' dir='ltr' id='par_1_5' title="bbox 453 1106 2240 1186">
     <span class='ocr_line' id='line_1_6' title="bbox 453 1106 2240 1186; baseline -0.002 -17"><span class='ocrx_word' id='word_1_39' title='bbox 453 1113 518 1170; x_wconf 85' lang='lat' dir='ltr'>et</span> <span class='ocrx_word' id='word_1_40' title='bbox 551 1107 798 1186; x_wconf 88' lang='lat' dir='ltr'>partim</span> <span class='ocrx_word' id='word_1_41' title='bbox 832 1127 988 1170; x_wconf 88' lang='lat' dir='ltr'>raro</span> <span class='ocrx_word' id='word_1_42' title='bbox 1020 1106 1178 1184; x_wconf 90' lang='lat' dir='ltr'>quia</span> <span class='ocrx_word' id='word_1_43' title='bbox 1209 1114 1364 1169; x_wconf 87' lang='lat' dir='ltr'>sunt</span> <span class='ocrx_word' id='word_1_44' title='bbox 1400 1127 1548 1168; x_wconf 92' lang='lat' dir='ltr'>cum</span> <span class='ocrx_word' id='word_1_45' title='bbox 1583 1125 1874 1183; x_wconf 90' lang='lat' dir='ltr'>corpore,</span> <span class='ocrx_word' id='word_1_46' title='bbox 1910 1111 1989 1168; x_wconf 88' lang='lat' dir='ltr'>ut</span> <span class='ocrx_word' id='word_1_47' title='bbox 2023 1112 2240 1167; x_wconf 87' lang='lat' dir='ltr'>aestus</span> 
     </span>
    </p>

    <p class='ocr_par' dir='ltr' id='par_1_6' title="bbox 454 1209 2766 1295">
     <span class='ocr_line' id='line_1_7' title="bbox 454 1209 2766 1295; baseline -0.002 -15"><span class='ocrx_word' id='word_1_48' title='bbox 454 1218 753 1295; x_wconf 82' lang='lat' dir='ltr'>peruolet</span> <span class='ocrx_word' id='word_1_49' title='bbox 785 1217 1094 1293; x_wconf 76' lang='lat' dir='ltr'>intactUS,</span> <span class='ocrx_word' id='word_1_50' title='bbox 1127 1223 1465 1294; x_wconf 88' lang='lat' dir='ltr'>nequeunt</span> <span class='ocrx_word' id='word_1_51' title='bbox 1499 1215 1805 1294; x_wconf 86' lang='lat' dir='ltr'>inpellier</span> <span class='ocrx_word' id='word_1_52' title='bbox 1837 1235 2149 1291; x_wconf 86' lang='lat' dir='ltr'>usquam3</span> <span class='ocrx_word' id='word_1_53' title='bbox 2629 1209 2766 1257; x_wconf 87' lang='lat'>1060</span> 
     </span>
    </p>

    <p class='ocr_par' dir='ltr' id='par_1_7' title="bbox 453 1324 2067 1405">
     <span class='ocr_line' id='line_1_8' title="bbox 453 1324 2067 1405; baseline -0.001 -17"><span class='ocrx_word' id='word_1_54' title='bbox 453 1328 676 1405; x_wconf 87' lang='lat' dir='ltr'>lignea</span> <span class='ocrx_word' id='word_1_55' title='bbox 710 1325 1016 1389; x_wconf 87' lang='lat' dir='ltr'>materies</span> <span class='ocrx_word' id='word_1_56' title='bbox 1054 1326 1125 1387; x_wconf 91' lang='lat' dir='ltr'>in</span> <span class='ocrx_word' id='word_1_57' title='bbox 1165 1347 1293 1404; x_wconf 92' lang='lat' dir='ltr'>quo</span> <span class='ocrx_word' id='word_1_58' title='bbox 1331 1345 1566 1403; x_wconf 88' lang='lat' dir='ltr'>genere</span> <span class='ocrx_word' id='word_1_59' title='bbox 1606 1345 1739 1387; x_wconf 90' lang='lat' dir='ltr'>esse</span> <span class='ocrx_word' id='word_1_60' title='bbox 1776 1324 2067 1387; x_wconf 88' lang='lat' dir='ltr'>uidetur.</span> 
     </span>
    </p>

    <p class='ocr_par' dir='ltr' id='par_1_8' title="bbox 368 1436 1932 1514">
     <span class='ocr_line' id='line_1_9' title="bbox 368 1436 1932 1514; baseline 0 -17"><span class='ocrx_word' id='word_1_61' title='bbox 368 1437 948 1514; x_wconf 87' lang='lat' dir='ltr'>—interutrasque</span> <span class='ocrx_word' id='word_1_62' title='bbox 987 1437 1195 1514; x_wconf 91' lang='lat' dir='ltr'>igitur</span> <span class='ocrx_word' id='word_1_63' title='bbox 1233 1436 1400 1498; x_wconf 82' lang='lat' dir='ltr'>ferri</span> <span class='ocrx_word' id='word_1_64' title='bbox 1437 1443 1683 1498; x_wconf 90' lang='lat' dir='ltr'>natura</span> <span class='ocrx_word' id='word_1_65' title='bbox 1718 1436 1932 1498; x_wconf 88' lang='lat' dir='ltr'>locata</span> 
     </span>
    </p>

    <p class='ocr_par' dir='ltr' id='par_1_9' title="bbox 457 1543 2169 1624">
     <span class='ocr_line' id='line_1_10' title="bbox 457 1543 2169 1624; baseline -0.002 -15"><span class='ocrx_word' id='word_1_66' title='bbox 457 1547 627 1609; x_wconf 88' lang='lat' dir='ltr'>aeris</span> <span class='ocrx_word' id='word_1_67' title='bbox 659 1546 776 1610; x_wconf 92' lang='lat' dir='ltr'>ubi</span> <span class='ocrx_word' id='word_1_68' title='bbox 809 1546 1061 1624; x_wconf 82' lang='lat' dir='ltr'>accepit</span> <span class='ocrx_word' id='word_1_69' title='bbox 1097 1547 1418 1623; x_wconf 85' lang='lat' dir='ltr'>quaedam</span> <span class='ocrx_word' id='word_1_70' title='bbox 1453 1545 1863 1623; x_wconf 91' lang='lat' dir='ltr'>corpuscula,</span> <span class='ocrx_word' id='word_1_71' title='bbox 1898 1552 2042 1607; x_wconf 89' lang='lat' dir='ltr'>tum</span> <span class='ocrx_word' id='word_1_72' title='bbox 2073 1543 2169 1619; x_wconf 91' lang='lat' dir='ltr'>fit,</span> 
     </span>
    </p>

    <p class='ocr_par' dir='ltr' id='par_1_10' title="bbox 458 1654 2770 1839">
     <span class='ocr_line' id='line_1_11' title="bbox 458 1654 1946 1734; baseline -0.001 -17"><span class='ocrx_word' id='word_1_73' title='bbox 458 1655 783 1734; x_wconf 87' lang='lat' dir='ltr'>inpellant</span> <span class='ocrx_word' id='word_1_74' title='bbox 814 1664 891 1719; x_wconf 89' lang='lat' dir='ltr'>ut</span> <span class='ocrx_word' id='word_1_75' title='bbox 923 1677 1064 1720; x_wconf 90' lang='lat' dir='ltr'>eam</span> <span class='ocrx_word' id='word_1_76' title='bbox 1097 1655 1437 1734; x_wconf 85' lang='lat' dir='ltr'>Magnesia</span> <span class='ocrx_word' id='word_1_77' title='bbox 1467 1654 1737 1718; x_wconf 92' lang='lat' dir='ltr'>flumine</span> <span class='ocrx_word' id='word_1_78' title='bbox 1770 1675 1946 1717; x_wconf 84' lang='lat' dir='ltr'>saxa.</span> 
     </span>
     <span class='ocr_line' id='line_1_12' title="bbox 582 1759 2770 1839; baseline -0.001 -13"><span class='ocrx_word' id='word_1_79' title='bbox 582 1767 715 1828; x_wconf 94' lang='lat' dir='ltr'>Nec</span> <span class='ocrx_word' id='word_1_80' title='bbox 745 1773 966 1828; x_wconf 90' lang='lat' dir='ltr'>tamen</span> <span class='ocrx_word' id='word_1_81' title='bbox 995 1767 1154 1828; x_wconf 91' lang='lat' dir='ltr'>haec</span> <span class='ocrx_word' id='word_1_82' title='bbox 1186 1766 1280 1828; x_wconf 88' lang='lat' dir='ltr'>ita</span> <span class='ocrx_word' id='word_1_83' title='bbox 1309 1772 1465 1828; x_wconf 86' lang='lat' dir='ltr'>sunt</span> <span class='ocrx_word' id='word_1_84' title='bbox 1498 1765 1780 1828; x_wconf 90' lang='lat' dir='ltr'>aliarum</span> <span class='ocrx_word' id='word_1_85' title='bbox 1812 1784 2033 1826; x_wconf 90' lang='lat' dir='ltr'>rerum</span> <span class='ocrx_word' id='word_1_86' title='bbox 2066 1763 2299 1839; x_wconf 87' lang='lat' dir='ltr'>aliena,</span> <span class='ocrx_word' id='word_1_87' title='bbox 2633 1759 2770 1807; x_wconf 87' lang='lat'>1065</span> 
     </span>
    </p>

    <p class='ocr_par' dir='ltr' id='par_1_11' title="bbox 457 1873 2313 1953">
     <span class='ocr_line' id='line_1_13' title="bbox 457 1873 2313 1953; baseline -0.002 -16"><span class='ocrx_word' id='word_1_88' title='bbox 457 1881 533 1938; x_wconf 92' lang='lat' dir='ltr'>ut</span> <span class='ocrx_word' id='word_1_89' title='bbox 563 1875 727 1936; x_wconf 91' lang='lat' dir='ltr'>mihi</span> <span class='ocrx_word' id='word_1_90' title='bbox 756 1877 967 1938; x_wconf 90' lang='lat' dir='ltr'>multa</span> <span class='ocrx_word' id='word_1_91' title='bbox 999 1896 1237 1953; x_wconf 87' lang='lat' dir='ltr'>parum</span> <span class='ocrx_word' id='word_1_92' title='bbox 1271 1896 1505 1953; x_wconf 89' lang='lat' dir='ltr'>genere</span> <span class='ocrx_word' id='word_1_93' title='bbox 1537 1896 1616 1938; x_wconf 87' lang='lat' dir='ltr'>ex</span> <span class='ocrx_word' id='word_1_94' title='bbox 1647 1876 1767 1936; x_wconf 93' lang='lat' dir='ltr'>hoc</span> <span class='ocrx_word' id='word_1_95' title='bbox 1799 1873 2313 1951; x_wconf 82' lang='lat' dir='ltr'>suppeditentur</span> 
     </span>
    </p>

    <p class='ocr_par' dir='ltr' id='par_1_12' title="bbox 459 1983 2217 2062">
     <span class='ocr_line' id='line_1_14' title="bbox 459 1983 2217 2062; baseline -0.002 -15"><span class='ocrx_word' id='word_1_96' title='bbox 459 2005 624 2062; x_wconf 90' lang='lat' dir='ltr'>quae</span> <span class='ocrx_word' id='word_1_97' title='bbox 657 2004 1016 2048; x_wconf 87' lang='lat' dir='ltr'>memorare</span> <span class='ocrx_word' id='word_1_98' title='bbox 1051 2005 1284 2062; x_wconf 90' lang='lat' dir='ltr'>queam</span> <span class='ocrx_word' id='word_1_99' title='bbox 1317 1985 1492 2046; x_wconf 87' lang='lat' dir='ltr'>inter</span> <span class='ocrx_word' id='word_1_100' title='bbox 1523 2005 1587 2046; x_wconf 91' lang='lat' dir='ltr'>se</span> <span class='ocrx_word' id='word_1_101' title='bbox 1624 1983 2004 2060; x_wconf 86' lang='lat' dir='ltr'>singlariter</span> <span class='ocrx_word' id='word_1_102' title='bbox 2039 1990 2217 2061; x_wconf 88' lang='lat' dir='ltr'>apta.</span> 
     </span>
    </p>

    <p class='ocr_par' dir='ltr' id='par_1_13' title="bbox 458 2094 1905 2173">
     <span class='ocr_line' id='line_1_15' title="bbox 458 2094 1905 2173; baseline -0.001 -17"><span class='ocrx_word' id='word_1_103' title='bbox 458 2115 616 2158; x_wconf 83' lang='lat' dir='ltr'>saxa</span> <span class='ocrx_word' id='word_1_104' title='bbox 649 2095 837 2158; x_wconf 88' lang='lat' dir='ltr'>uides</span> <span class='ocrx_word' id='word_1_105' title='bbox 871 2095 1161 2173; x_wconf 90' lang='lat' dir='ltr'>primum</span> <span class='ocrx_word' id='word_1_106' title='bbox 1193 2095 1333 2158; x_wconf 87' lang='lat' dir='ltr'>sola</span> <span class='ocrx_word' id='word_1_107' title='bbox 1365 2095 1679 2157; x_wconf 92' lang='lat' dir='ltr'>colescere</span> <span class='ocrx_word' id='word_1_108' title='bbox 1713 2094 1905 2156; x_wconf 91' lang='lat' dir='ltr'>calce.</span> 
     </span>
    </p>

    <p class='ocr_par' dir='ltr' id='par_1_14' title="bbox 460 2204 1880 2282">
     <span class='ocr_line' id='line_1_16' title="bbox 460 2204 1880 2282; baseline 0 -17"><span class='ocrx_word' id='word_1_109' title='bbox 460 2204 714 2282; x_wconf 89' lang='lat' dir='ltr'>glutine</span> <span class='ocrx_word' id='word_1_110' title='bbox 748 2204 1054 2267; x_wconf 87' lang='lat' dir='ltr'>materies</span> <span class='ocrx_word' id='word_1_111' title='bbox 1087 2205 1358 2267; x_wconf 91' lang='lat' dir='ltr'>taurino</span> <span class='ocrx_word' id='word_1_112' title='bbox 1390 2204 1694 2281; x_wconf 89' lang='lat' dir='ltr'>iungitur</span> <span class='ocrx_word' id='word_1_113' title='bbox 1726 2224 1880 2279; x_wconf 93' lang='lat' dir='ltr'>una,</span> 
     </span>
    </p>

    <p class='ocr_par' dir='ltr' id='par_1_15' title="bbox 460 2308 2772 2392">
     <span class='ocr_line' id='line_1_17' title="bbox 460 2308 2772 2392; baseline -0.001 -15"><span class='ocrx_word' id='word_1_114' title='bbox 460 2322 537 2377; x_wconf 90' lang='lat' dir='ltr'>ut</span> <span class='ocrx_word' id='word_1_115' title='bbox 567 2314 734 2378; x_wconf 90' lang='lat' dir='ltr'>uitio</span> <span class='ocrx_word' id='word_1_116' title='bbox 766 2335 974 2378; x_wconf 90' lang='lat' dir='ltr'>uenae</span> <span class='ocrx_word' id='word_1_117' title='bbox 1006 2316 1386 2377; x_wconf 90' lang='lat' dir='ltr'>tabularum</span> <span class='ocrx_word' id='word_1_118' title='bbox 1419 2314 1681 2392; x_wconf 90' lang='lat' dir='ltr'>saepius</span> <span class='ocrx_word' id='word_1_119' title='bbox 1714 2314 1972 2375; x_wconf 83' lang='lat' dir='ltr'>hiscant</span> <span class='ocrx_word' id='word_1_120' title='bbox 2635 2308 2772 2357; x_wconf 88' lang='lat'>1070</span> 
     </span>
    </p>

    <p class='ocr_par' dir='ltr' id='par_1_16' title="bbox 461 2423 2122 2502">
     <span class='ocr_line' id='line_1_18' title="bbox 461 2423 2122 2502; baseline -0.002 -14"><span class='ocrx_word' id='word_1_121' title='bbox 461 2446 657 2501; x_wconf 91' lang='lat' dir='ltr'>quam</span> <span class='ocrx_word' id='word_1_122' title='bbox 693 2425 916 2487; x_wconf 86' lang='lat' dir='ltr'>laxare</span> <span class='ocrx_word' id='word_1_123' title='bbox 953 2431 1199 2501; x_wconf 89' lang='lat' dir='ltr'>queant</span> <span class='ocrx_word' id='word_1_124' title='bbox 1235 2443 1577 2502; x_wconf 82' lang='lat' dir='ltr'>compages</span> <span class='ocrx_word' id='word_1_125' title='bbox 1612 2431 1846 2487; x_wconf 88' lang='lat' dir='ltr'>taurea</span> <span class='ocrx_word' id='word_1_126' title='bbox 1881 2423 2122 2486; x_wconf 90' lang='lat' dir='ltr'>uincla.</span> 
     </span>
    </p>

    <p class='ocr_par' dir='ltr' id='par_1_17' title="bbox 461 2533 1849 2612">
     <span class='ocr_line' id='line_1_19' title="bbox 461 2533 1849 2612; baseline -0.001 -16"><span class='ocrx_word' id='word_1_127' title='bbox 461 2534 743 2612; x_wconf 83' lang='lat' dir='ltr'>uitigeni</span> <span class='ocrx_word' id='word_1_128' title='bbox 776 2534 1002 2597; x_wconf 86' lang='lat' dir='ltr'>latices</span> <span class='ocrx_word' id='word_1_129' title='bbox 1037 2534 1233 2611; x_wconf 88' lang='lat' dir='ltr'>aquai</span> <span class='ocrx_word' id='word_1_130' title='bbox 1267 2533 1567 2595; x_wconf 82' lang='lat' dir='ltr'>fontibus</span> <span class='ocrx_word' id='word_1_131' title='bbox 1602 2534 1849 2596; x_wconf 84' lang='lat' dir='ltr'>audent</span> 
     </span>
    </p>

    <p class='ocr_par' dir='ltr' id='par_1_18' title="bbox 461 2642 2203 2721">
     <span class='ocr_line' id='line_1_20' title="bbox 461 2642 2203 2721; baseline -0.001 -16"><span class='ocrx_word' id='word_1_132' title='bbox 461 2643 739 2720; x_wconf 85' lang='lat' dir='ltr'>misceri,</span> <span class='ocrx_word' id='word_1_133' title='bbox 772 2664 920 2705; x_wconf 91' lang='lat' dir='ltr'>cum</span> <span class='ocrx_word' id='word_1_134' title='bbox 951 2644 1068 2720; x_wconf 87' lang='lat' dir='ltr'>pix</span> <span class='ocrx_word' id='word_1_135' title='bbox 1097 2650 1379 2720; x_wconf 87' lang='lat' dir='ltr'>nequeat</span> <span class='ocrx_word' id='word_1_136' title='bbox 1411 2642 1641 2721; x_wconf 88' lang='lat' dir='ltr'>grauis</span> <span class='ocrx_word' id='word_1_137' title='bbox 1670 2649 1734 2704; x_wconf 93' lang='lat' dir='ltr'>et</span> <span class='ocrx_word' id='word_1_138' title='bbox 1766 2644 1910 2705; x_wconf 93' lang='lat' dir='ltr'>leue</span> <span class='ocrx_word' id='word_1_139' title='bbox 1944 2642 2203 2705; x_wconf 89' lang='lat' dir='ltr'>oliuom.</span> 
     </span>
    </p>

    <p class='ocr_par' dir='ltr' id='par_1_19' title="bbox 461 2752 2015 2831">
     <span class='ocr_line' id='line_1_21' title="bbox 461 2752 2015 2831; baseline -0.001 -15"><span class='ocrx_word' id='word_1_140' title='bbox 461 2773 970 2831; x_wconf 81' lang='lat' dir='ltr'>purpureusque</span> <span class='ocrx_word' id='word_1_141' title='bbox 1005 2755 1175 2815; x_wconf 91' lang='lat' dir='ltr'>colos</span> <span class='ocrx_word' id='word_1_142' title='bbox 1209 2752 1510 2829; x_wconf 86' lang='lat' dir='ltr'>conchyli</span> <span class='ocrx_word' id='word_1_143' title='bbox 1542 2753 1846 2829; x_wconf 89' lang='lat' dir='ltr'>iungitur</span> <span class='ocrx_word' id='word_1_144' title='bbox 1878 2773 2015 2816; x_wconf 92' lang='lat' dir='ltr'>uno</span> 
     </span>
    </p>

    <p class='ocr_par' dir='ltr' id='par_1_20' title="bbox 465 2859 2775 2940">
     <span class='ocr_line' id='line_1_22' title="bbox 465 2859 2775 2940; baseline -0.001 -15"><span class='ocrx_word' id='word_1_145' title='bbox 465 2883 734 2940; x_wconf 91' lang='lat' dir='ltr'>corpore</span> <span class='ocrx_word' id='word_1_146' title='bbox 770 2884 918 2925; x_wconf 93' lang='lat' dir='ltr'>cum</span> <span class='ocrx_word' id='word_1_147' title='bbox 951 2865 1159 2940; x_wconf 91' lang='lat' dir='ltr'>lanae,</span> <span class='ocrx_word' id='word_1_148' title='bbox 1193 2863 1420 2924; x_wconf 91' lang='lat' dir='ltr'>dirimi</span> <span class='ocrx_word' id='word_1_149' title='bbox 1453 2863 1568 2940; x_wconf 91' lang='lat' dir='ltr'>qui</span> <span class='ocrx_word' id='word_1_150' title='bbox 1603 2883 1735 2924; x_wconf 94' lang='lat' dir='ltr'>non</span> <span class='ocrx_word' id='word_1_151' title='bbox 1770 2869 1967 2940; x_wconf 88' lang='lat' dir='ltr'>queat</span> <span class='ocrx_word' id='word_1_152' title='bbox 2000 2882 2296 2939; x_wconf 88' lang='lat' dir='ltr'>usquam,</span> <span class='ocrx_word' id='word_1_153' title='bbox 2638 2859 2775 2907; x_wconf 85' lang='lat'>1075</span> 
     </span>
    </p>

    <p class='ocr_par' dir='ltr' id='par_1_21' title="bbox 465 2972 2087 3050">
     <span class='ocr_line' id='line_1_23' title="bbox 465 2972 2087 3050; baseline 0.001 -17"><span class='ocrx_word' id='word_1_154' title='bbox 465 2992 596 3034; x_wconf 92' lang='lat' dir='ltr'>non</span> <span class='ocrx_word' id='word_1_155' title='bbox 631 2972 687 3033; x_wconf 87' lang='lat' dir='ltr'>si</span> <span class='ocrx_word' id='word_1_156' title='bbox 720 2972 1019 3050; x_wconf 89' lang='lat' dir='ltr'>Neptuni</span> <span class='ocrx_word' id='word_1_157' title='bbox 1055 2973 1262 3035; x_wconf 90' lang='lat' dir='ltr'>fluctu</span> <span class='ocrx_word' id='word_1_158' title='bbox 1297 2993 1618 3035; x_wconf 92' lang='lat' dir='ltr'>renouare</span> <span class='ocrx_word' id='word_1_159' title='bbox 1655 2993 1921 3050; x_wconf 90' lang='lat' dir='ltr'>operam</span> <span class='ocrx_word' id='word_1_160' title='bbox 1956 2973 2087 3049; x_wconf 79' lang='lat' dir='ltr'>deS,</span> 
     </span>
    </p>

    <p class='ocr_par' dir='ltr' id='par_1_22' title="bbox 466 3082 2207 3158">
     <span class='ocr_line' id='line_1_24' title="bbox 466 3082 2207 3158; baseline 0.001 -15"><span class='ocrx_word' id='word_1_161' title='bbox 466 3102 617 3158; x_wconf 93' lang='lat' dir='ltr'>non,</span> <span class='ocrx_word' id='word_1_162' title='bbox 652 3102 832 3144; x_wconf 90' lang='lat' dir='ltr'>mare</span> <span class='ocrx_word' id='word_1_163' title='bbox 867 3082 922 3144; x_wconf 92' lang='lat' dir='ltr'>si</span> <span class='ocrx_word' id='word_1_164' title='bbox 957 3089 1170 3145; x_wconf 91' lang='lat' dir='ltr'>totum</span> <span class='ocrx_word' id='word_1_165' title='bbox 1203 3082 1369 3145; x_wconf 90' lang='lat' dir='ltr'>uelit</span> <span class='ocrx_word' id='word_1_166' title='bbox 1403 3084 1619 3145; x_wconf 92' lang='lat' dir='ltr'>eluere</span> <span class='ocrx_word' id='word_1_167' title='bbox 1655 3083 1955 3144; x_wconf 91' lang='lat' dir='ltr'>omnibus</span> <span class='ocrx_word' id='word_1_168' title='bbox 1989 3082 2207 3146; x_wconf 79' lang='lat' dir='ltr'>undiS.</span> 
     </span>
    </p>

    <p class='ocr_par' dir='ltr' id='par_1_23' title="bbox 465 3192 1975 3270">
     <span class='ocr_line' id='line_1_25' title="bbox 465 3192 1975 3270; baseline 0.001 -17"><span class='ocrx_word' id='word_1_169' title='bbox 465 3192 747 3269; x_wconf 87' lang='lat' dir='ltr'>denique</span> <span class='ocrx_word' id='word_1_170' title='bbox 779 3212 912 3253; x_wconf 93' lang='lat' dir='ltr'>non</span> <span class='ocrx_word' id='word_1_171' title='bbox 944 3212 1107 3255; x_wconf 89' lang='lat' dir='ltr'>auro</span> <span class='ocrx_word' id='word_1_172' title='bbox 1135 3213 1239 3255; x_wconf 91' lang='lat' dir='ltr'>res</span> <span class='ocrx_word' id='word_1_173' title='bbox 1272 3213 1509 3255; x_wconf 90' lang='lat' dir='ltr'>aurum</span> <span class='ocrx_word' id='word_1_174' title='bbox 1542 3193 1809 3270; x_wconf 88' lang='lat' dir='ltr'>copulat</span> <span class='ocrx_word' id='word_1_175' title='bbox 1840 3214 1975 3255; x_wconf 90' lang='lat' dir='ltr'>una</span> 
     </span>
    </p>

    <p class='ocr_par' dir='ltr' id='par_1_24' title="bbox 466 3300 2291 3378">
     <span class='ocr_line' id='line_1_26' title="bbox 466 3300 2291 3378; baseline -0.001 -15"><span class='ocrx_word' id='word_1_176' title='bbox 466 3300 731 3378; x_wconf 90' lang='lat' dir='ltr'>aerique</span> <span class='ocrx_word' id='word_1_177' title='bbox 777 3311 1032 3373; x_wconf 89' lang='lat' dir='ltr'>&lt;aes&gt;</span> <span class='ocrx_word' id='word_1_178' title='bbox 1077 3302 1348 3378; x_wconf 91' lang='lat' dir='ltr'>plumbo</span> <span class='ocrx_word' id='word_1_179' title='bbox 1379 3302 1453 3363; x_wconf 90' lang='lat' dir='ltr'>fit</span> <span class='ocrx_word' id='word_1_180' title='bbox 1489 3302 1593 3365; x_wconf 89' lang='lat' dir='ltr'>uti</span> <span class='ocrx_word' id='word_1_181' title='bbox 1630 3302 1949 3378; x_wconf 90' lang='lat' dir='ltr'>iungatur</span> <span class='ocrx_word' id='word_1_182' title='bbox 1986 3302 2065 3364; x_wconf 91' lang='lat' dir='ltr'>ab</span> <span class='ocrx_word' id='word_1_183' title='bbox 2103 3302 2291 3363; x_wconf 70' lang='lat' dir='ltr'>albo?</span> 
     </span>
    </p>

    <p class='ocr_par' dir='ltr' id='par_1_25' title="bbox 467 3406 2779 3488">
     <span class='ocr_line' id='line_1_27' title="bbox 467 3406 2779 3488; baseline -0.001 -15"><span class='ocrx_word' id='word_1_184' title='bbox 467 3418 685 3474; x_wconf 89' lang='lat' dir='ltr'>cetera</span> <span class='ocrx_word' id='word_1_185' title='bbox 716 3411 846 3473; x_wconf 91' lang='lat' dir='ltr'>iam</span> <span class='ocrx_word' id='word_1_186' title='bbox 879 3431 1076 3487; x_wconf 91' lang='lat' dir='ltr'>quam</span> <span class='ocrx_word' id='word_1_187' title='bbox 1107 3413 1318 3478; x_wconf 87' lang='lat' dir='ltr'>multa</span> <span class='ocrx_word' id='word_1_188' title='bbox 1352 3411 1505 3474; x_wconf 84' lang='lat' dir='ltr'>licet</span> <span class='ocrx_word' id='word_1_189' title='bbox 1538 3411 1863 3488; x_wconf 88' lang='lat' dir='ltr'>reperire!</span> <span class='ocrx_word' id='word_1_190' title='bbox 1901 3410 2062 3487; x_wconf 91' lang='lat' dir='ltr'>quid</span> <span class='ocrx_word' id='word_1_191' title='bbox 2096 3414 2291 3488; x_wconf 72' lang='lat' dir='ltr'>ergo?</span> <span class='ocrx_word' id='word_1_192' title='bbox 2642 3406 2779 3455; x_wconf 88' lang='grc'>1080</span> 
     </span>
    </p>

    <p class='ocr_par' dir='ltr' id='par_1_26' title="bbox 438 3520 2217 3598">
     <span class='ocr_line' id='line_1_28' title="bbox 438 3520 2217 3598; baseline 0 -17"><span class='ocrx_word' id='word_1_193' title='bbox 438 3522 588 3596; x_wconf 91' lang='lat' dir='ltr'>(nec</span> <span class='ocrx_word' id='word_1_194' title='bbox 617 3520 741 3583; x_wconf 90' lang='lat' dir='ltr'>tibi</span> <span class='ocrx_word' id='word_1_195' title='bbox 771 3527 908 3583; x_wconf 90' lang='lat' dir='ltr'>tam</span> <span class='ocrx_word' id='word_1_196' title='bbox 937 3521 1150 3598; x_wconf 87' lang='lat' dir='ltr'>longis</span> <span class='ocrx_word' id='word_1_197' title='bbox 1183 3541 1347 3598; x_wconf 91' lang='lat' dir='ltr'>opus</span> <span class='ocrx_word' id='word_1_198' title='bbox 1379 3528 1474 3583; x_wconf 88' lang='lat' dir='ltr'>est</span> <span class='ocrx_word' id='word_1_199' title='bbox 1507 3520 1891 3597; x_wconf 90' lang='lat' dir='ltr'>ambagibus</span> <span class='ocrx_word' id='word_1_200' title='bbox 1920 3540 2217 3597; x_wconf 87' lang='lat' dir='ltr'>usquam,</span> 
     </span>
    </p>

    <p class='ocr_par' dir='ltr' id='par_1_27' title="bbox 466 3630 2339 3708">
     <span class='ocr_line' id='line_1_29' title="bbox 466 3630 2339 3708; baseline 0.001 -17"><span class='ocrx_word' id='word_1_201' title='bbox 466 3650 584 3692; x_wconf 92' lang='lat' dir='ltr'>nec</span> <span class='ocrx_word' id='word_1_202' title='bbox 614 3652 716 3693; x_wconf 91' lang='lat' dir='ltr'>me</span> <span class='ocrx_word' id='word_1_203' title='bbox 748 3636 884 3692; x_wconf 84' lang='lat' dir='ltr'>tam</span> <span class='ocrx_word' id='word_1_204' title='bbox 912 3631 1190 3693; x_wconf 89' lang='lat' dir='ltr'>multam</span> <span class='ocrx_word' id='word_1_205' title='bbox 1219 3630 1326 3692; x_wconf 90' lang='lat' dir='ltr'>hic</span> <span class='ocrx_word' id='word_1_206' title='bbox 1359 3651 1626 3708; x_wconf 90' lang='lat' dir='ltr'>operam</span> <span class='ocrx_word' id='word_1_207' title='bbox 1658 3650 2035 3693; x_wconf 87' lang='lat' dir='ltr'>consumere</span> <span class='ocrx_word' id='word_1_208' title='bbox 2067 3650 2191 3708; x_wconf 90' lang='lat' dir='ltr'>par</span> <span class='ocrx_word' id='word_1_209' title='bbox 2225 3637 2339 3706; x_wconf 88' lang='lat' dir='ltr'>est,</span> 
     </span>
    </p>

    <p class='ocr_par' dir='ltr' id='par_1_28' title="bbox 467 3739 2320 3817">
     <span class='ocr_line' id='line_1_30' title="bbox 467 3739 2320 3817; baseline 0.001 -17"><span class='ocrx_word' id='word_1_210' title='bbox 467 3740 580 3801; x_wconf 89' lang='lat' dir='ltr'>sed</span> <span class='ocrx_word' id='word_1_211' title='bbox 617 3739 912 3802; x_wconf 89' lang='lat' dir='ltr'>breuiter</span> <span class='ocrx_word' id='word_1_212' title='bbox 949 3740 1178 3817; x_wconf 91' lang='lat' dir='ltr'>paucis</span> <span class='ocrx_word' id='word_1_213' title='bbox 1215 3747 1512 3817; x_wconf 89' lang='lat' dir='ltr'>praestat</span> <span class='ocrx_word' id='word_1_214' title='bbox 1551 3740 2017 3816; x_wconf 89' lang='lat' dir='ltr'>comprendere</span> <span class='ocrx_word' id='word_1_215' title='bbox 2056 3739 2320 3815; x_wconf 90' lang='lat' dir='ltr'>multa.)</span> 
     </span>
    </p>

    <p class='ocr_par' dir='ltr' id='par_1_29' title="bbox 381 3832 2188 3926">
     <span class='ocr_line' id='line_1_31' title="bbox 381 3832 2188 3926; baseline 0.001 -16"><span class='ocrx_word' id='word_1_216' title='bbox 381 3868 748 3925; x_wconf 82' lang='lat' dir='ltr'>—quorum</span> <span class='ocrx_word' id='word_1_217' title='bbox 785 3848 880 3911; x_wconf 90' lang='lat' dir='ltr'>ita</span> <span class='ocrx_word' id='word_1_218' title='bbox 915 3856 1218 3912; x_wconf 86' lang='lat' dir='ltr'>texturae</span> <span class='ocrx_word' id='word_1_219' title='bbox 1255 3849 1633 3912; x_wconf 91' lang='lat' dir='ltr'>ceciderunt</span> <span class='ocrx_word' id='word_1_220' title='bbox 1669 3832 1903 3911; x_wconf 85' lang='lat' dir='ltr'>mutua</span> <span class='ocrx_word' id='word_1_221' title='bbox 1939 3856 2188 3926; x_wconf 89' lang='lat' dir='ltr'>contra,</span> 
     </span>
    </p>
   </div>
   <div class='ocr_carea' id='block_1_3' title="bbox 457 3980 895 4097">
    <p class='ocr_par' dir='ltr' id='par_1_30' title="bbox 457 3980 895 4097">
     <span class='ocr_line' id='line_1_32' title="bbox 457 3980 895 4040; baseline 0.002 -12"><span class='ocrx_word' id='word_1_222' title='bbox 457 3980 592 4029; x_wconf 88' lang='grc'>1069</span> <span class='ocrx_word' id='word_1_223' title='bbox 611 3980 757 4040; x_wconf 65' lang='lat' dir='ltr'>vulg.</span> <span class='ocrx_word' id='word_1_224' title='bbox 787 3994 895 4029; x_wconf 88' lang='lat' dir='ltr'>uno</span> 
     </span>
     <span class='ocr_line' id='line_1_33' title="bbox 457 4048 846 4097; baseline -0.005 0"><span class='ocrx_word' id='word_1_225' title='bbox 457 4049 593 4097; x_wconf 84' lang='lat'>1074</span> <span class='ocrx_word' id='word_1_226' title='bbox 613 4048 711 4096; x_wconf 70' lang='lat' dir='ltr'>alii</span> <span class='ocrx_word' id='word_1_227' title='bbox 739 4061 846 4096; x_wconf 86' lang='lat' dir='ltr'>una</span> 
     </span>
    </p>
   </div>
   <div class='ocr_carea' id='block_1_4' title="bbox 1458 4217 1604 4268">
    <p class='ocr_par' dir='ltr' id='par_1_31' title="bbox 1458 4217 1604 4268">
     <span class='ocr_line' id='line_1_34' title="bbox 1458 4217 1604 4268; baseline 0.007 -10"><span class='ocrx_word' id='word_1_228' title='bbox 1458 4217 1604 4268; x_wconf 87' lang='lat'>[251]</span> 
     </span>
    </p>
   </div>
  </div>
 </body>
</html>
