3182 4602
955 857 1458 922 T.LVCRET1
1498 855 1715 920 CARI

779 1039 930 1114 DE
972 1037 1380 1113 RERVM
1420 1033 1895 1112 NATVRA

1085 1215 1293 1276 LIBER
1327 1214 1588 1282 PRIMVS

408 1462 793 1524 Aeneadum
829 1459 1149 1538 genetrix,
1185 1458 1524 1522 hominum
1560 1457 1914 1534 diuomque
1946 1456 2279 1534 uoluptas,

289 1571 456 1634 alma
485 1573 729 1646 Venus,
764 1570 927 1634 caeli
959 1571 1187 1633 subter
1217 1569 1508 1633 labentia
1541 1567 1732 1646 signa
1911 1648 1917 1654 ο

287 1701 449 1758 quae
484 1701 663 1744 mare
697 1679 1111 1758 nauigerum,
1150 1700 1316 1757 quae
1351 1685 1566 1742 terras
1603 1675 2071 1755 frugiferentis

286 1791 695 1854 concelebras
714 1809 936 1868 3-per
970 1797 1036 1853 te
1074 1788 1384 1866 quoniam
1421 1808 1628 1867 genus
1665 1807 1851 1849 omne
1889 1785 2303 1850 animantum

285 1901 657 1978 concipitur
689 1900 978 1977 uisitque
1014 1907 1315 1962 exortum
1349 1898 1604 1962 lumina
1640 1897 1811 1959 solis.

289 2015 369 2087 te,
405 2012 546 2087 dea,
577 2016 642 2074 te
676 2009 952 2087 fugiunt
986 2010 1192 2086 uenti,
1225 2015 1291 2072 te
1323 2008 1555 2071 nubi-la
1588 2006 1753 2070 caeli

287 2121 775 2197 aduentumque
805 2127 1015 2196 tuum,
1046 2119 1169 2181 tibi
1199 2117 1426 2182 suauis
1454 2117 1733 2181 daedala
1762 2116 1960 2180 tellus

285 2230 641 2293 summittit
671 2229 881 2307 flores,
908 2224 1039 2292 'tibi
1070 2228 1293 2292 rident
1327 2247 1615 2306 aequora
1648 2226 1838 2305 ponti

286 2341 750 2419 placatumque
783 2340 954 2403 nitet
986 2339 1232 2403 diffuso
1261 2338 1509 2402 lumine
1544 2337 1815 2401 caelum.
1876 2334 1881 2339 ’

258 2451 441 2525 (113111
472 2450 668 2513 81111111
700 2471 776 2514 36
806 2450 1053 2527 species
1086 2448 1488 2527 patefactast
1520 2467 1730 2511 uerna
1763 2446 1894 2509 diei

287 2568 350 2623 et
379 2567 672 2623 reserata
697 2560 880 2638 uiget
909 2558 1287 2637 genitabilis
1317 2579 1484 2622 aura
1511 2557 1765 2633 fauoni,

290 2671 502 2733 aeriae
534 2670 826 2748 primum
858 2669 1151 2732 uolucris
1182 2676 1266 2745 te,
1301 2668 1480 2745 diua,
1514 2674 1835 2744 tuumque

289 2779 663 2858 significant
699 2779 941 2842 initum
976 2779 1316 2857 perculsae
1349 2779 1548 2841 corda
1582 2784 1701 2840 tua
1735 2776 1825 2839 ui.

287 2889 440 2952 inde
475 2889 657 2952 ferae
693 2890 974 2967 pecudes
1007 2889 1383 2967 persultant
1419 2887 1666 2965 pabula
1699 2886 1874 2949 laeta

290 2992 352 3062 et
382 2999 652 3077 rapidos
682 3003 957 3062 tranant
987 2998 1230 3061 amnis:
1264 2998 1362 3061 ita
1392 3004 1589 3075 capta
1619 2996 1841 3073 lepore

290 3115 354 3170 te
387 3108 686 3186 sequitur
717 3108 955 3186 cupide
989 3128 1120 3186 quo
1151 3126 1476 3185 quamque
1509 3106 1821 3168 inducere
1853 3104 2094 3182 pergis.

292 3218 572 3296 denique
602 3237 722 3296 per
750 3218 960 3281 maria
991 3238 1066 3280 ac
1096 3217 1338 3280 montis
1367 3215 1735 3293 fluuiosque
1766 3214 2028 3292 rapacis

293 3326 828 3405 frondiferasque
867 3328 1089 3390 domos
1127 3326 1354 3390 auium
1392 3344 1783 3403 camposque
1821 3323 2122 3400 uirentis,

293 3437 592 3500 omnibus
620 3436 950 3499 incutiens
977 3437 1296 3499 blandum
1327 3456 1446 3513 per
1479 3441 1749 3513 pectora
1782 3453 2084 3510 amorem,

293 3546 488 3609 efficis
513 3552 591 3610 ut
621 3546 859 3623 cupide
890 3546 1254 3624 generatim
1284 3545 1496 3608 saecla
1525 3544 1951 3623 propagent.)

215 3676 458 3733 —quae
490 3656 802 3734 quoniam
833 3677 1055 3719 rerum
1086 3663 1399 3718 naturam
1431 3654 1567 3717 sola
1602 3655 1930 3731 gubernas

295 3785 410 3828 nec
442 3766 583 3827 81116
616 3771 680 3827 te
717 3765 1067 3843 quicquam
1096 3764 1244 3827 dias
1276 3764 1346 3825 in
1380 3763 1652 3827 luminis
1684 3783 1832 3826 oras

296 3875 588 3938 exoritur
623 3894 834 3951 neque
868 3874 945 3937 fit
979 3875 1227 3937 laetum
1261 3893 1473 3951 neque
1509 3872 1786 3936 amabile
1823 3872 2192 3949 quicquam,

295 3984 359 4048 te
388 3984 628 4048 sociam
660 3984 895 4047 studeo
923 3984 1286 4047 scribendis
1317 3983 1619 4046 uersibus
1652 4002 1785 4044 esse
1856 3976 1861 3981 ’

1321 4158 1402 4209 [1]

2534 2438 2601 2490 10

2538 2880 2604 2929 15

2538 2989 2605 3038 14

2538 3538 2605 3587 20
