3182 4602
1189 417 1290 466 DE
1327 416 1590 467 RERVM
1628 415 1938 466 NATVRA
1984 415 2063 464 Vl

603 631 860 710 fulgere
892 653 1090 710 quam
1125 640 1401 696 cernant
1434 632 1625 710 oculi,
1659 631 1816 710 quia
1850 651 2106 710 semper
2140 631 2225 695 ad
2261 630 2443 695 auris
2817 627 2919 676 165

601 741 860 805 tardius
893 743 1264 806 adueniunt
1299 763 1496 821 quam
1528 742 1749 806 uisum
1784 763 1950 820 quae
1984 747 2294 804 moueant
2328 760 2450 803 res,

513 851 671 914 —id
704 852 857 915 licet
888 851 1042 914 hinc
1075 852 1274 916 etiam
1308 872 1726 930 cognoscere:
1762 852 2030 914 caedere
2064 850 2120 913 si
2154 871 2347 928 quem

601 961 880 1040 ancipiti
915 961 1144 1024 uideas
1179 961 1362 1025 ferro
1399 962 1631 1040 procul
1668 960 1922 1025 arboris
1957 966 2245 1037 auctum,

600 1076 753 1135 ante
785 1071 862 1134 fit
895 1079 972 1134 ut
1006 1091 1236 1134 cernas
1267 1071 1470 1135 ictum
1504 1092 1703 1148 quam
1738 1072 1936 1149 plaga
1969 1091 2088 1149 per
2122 1069 2305 1134 auris

599 1182 711 1244 det
743 1181 1066 1258 sonitum;
1099 1181 1191 1262 sic
1225 1181 1553 1260 fulgorem
1586 1200 1844 1258 quoque
1876 1180 2205 1243 cernimus
2238 1186 2391 1244 ante
2820 1176 2918 1226 1¹70

599 1312 796 1369 quam
831 1291 1154 1354 tonitrum
1188 1291 1565 1368 accipimus,
1602 1290 1856 1369 pariter
1889 1289 2003 1367 qui
2034 1289 2331 1352 mittitur
2362 1286 2504 1367 igni

598 1423 633 1465 e
664 1400 863 1463 simili
897 1421 1112 1477 causa,
1147 1421 1470 1464 concursu
1503 1407 1703 1463 natus
1736 1402 1978 1463 eodem.

725 1511 869 1573 Hoc
901 1510 1100 1573 etiam
1135 1518 1328 1588 pacto
1358 1510 1617 1573 uolucri
1650 1511 1789 1573 loca
1823 1509 2070 1572 lumine
2105 1509 2377 1588 tingunt

597 1621 803 1684 nubes
841 1627 905 1683 et
941 1621 1226 1682 tremulo
1259 1626 1615 1697 tempestas
1650 1619 1892 1698 impete
1930 1618 2156 1696 fulgit.

596 1736 840 1793 uentus
868 1729 984 1793 ubi
1015 1729 1263 1792 inuasit
1293 1731 1533 1792 nubem
1565 1736 1631 1791 et
1660 1738 1965 1793 uersatus
1996 1729 2238 1791 ibidem
2816 1725 2915 1774 1¹75

597 1839 759 1903 fecit
791 1846 868 1902 ut
904 1846 1057 1903 ante
1092 1861 1322 1903 cauam
1358 1839 1551 1902 docui
1585 1839 1969 1917 spissescere
2005 1839 2265 1915 nubem,

596 1949 959 2013 mobilitate
992 1970 1113 2013 sua
1135 1949 1495 2026 'feruescit3
1531 1957 1609 2012 ut
1642 1948 1862 2013 omnia
1894 1955 2078 2011 motu

597 2059 1042 2138 percalefacta
1074 2059 1262 2122 uides
1298 2061 1655 2135 ardescere,
1692 2060 1999 2136 plumbea
2034 2078 2194 2121 uero

596 2171 786 2248 glans
819 2170 1015 2232 etiam
1051 2170 1248 2247 longo
1282 2189 1479 2232 cursu
1513 2169 1848 2232 uoluenda
1881 2167 2202 2245 liquescit.

598 2301 752 2361 ergo
783 2279 1090 2345 feruidus
1121 2279 1228 2343 hic
1262 2280 1501 2343 nubem
1536 2300 1685 2343 cum
1718 2278 2035 2358 perscidit
2068 2285 2303 2354 atram,
2814 2275 2910 2325 180

595 2392 875 2469 dissipat
907 2390 1165 2455 ardoris
1196 2390 1384 2467 quasi
1417 2410 1536 2468 per
1567 2390 1707 2452 uim
1738 2409 2045 2466 expressa
2075 2396 2346 2467 repente

593 2501 841 2564 semina
875 2521 1040 2577 quae
1076 2500 1338 2563 faciunt
1375 2499 1702 2563 nictantia
1738 2500 2013 2577 fulgura
2048 2498 2380 2574 flammae;

594 2609 746 2673 inde
784 2630 982 2672 sonus
1017 2610 1318 2687 sequitur
1356 2610 1470 2687 qui
1507 2609 1768 2673 tardius
1806 2609 2038 2672 adlicit
2072 2609 2254 2673 auris

594 2740 790 2796 quam
827 2740 994 2796 quae
1032 2719 1435 2797 perueniunt
1473 2721 1809 2782 oculorum
1847 2720 1929 2783 ad
1966 2718 2221 2783 lumina
2258 2726 2501 2781 nostra.

508 2829 839 2892 —scilicet
867 2830 988 2891 hoc
1020 2830 1238 2893 densis
1267 2830 1343 2892 fit
1373 2829 1661 2892 nubibus
1691 2837 1755 2892 et
1786 2828 1983 2891 simul
2012 2830 2144 2892 alte
2810 2826 2908 2875 185

593 2938 912 3001 extructis
948 2938 1094 3002 aliis
1128 2940 1292 3002 alias
1324 2960 1524 3018 super
1559 2939 1801 3016 impete
1834 2939 2033 3014 miro;

591 3070 673 3111 ne
705 3048 827 3111 tibi
860 3049 946 3111 sit
978 3048 1168 3110 frudi
1200 3050 1374 3126 quod
1409 3070 1526 3112 nos
1559 3049 1822 3112 inferne
1853 3048 2155 3111 uidemus

592 3180 788 3235 quam
819 3158 955 3221 sint
984 3160 1123 3222 lata
1153 3159 1362 3237 magis
1394 3180 1591 3236 quam
1622 3179 1882 3221 sursum
1914 3164 2218 3221 extructa
2250 3157 2409 3235 quid
2442 3164 2689 3221 extent.

507 3270 1070 3346 -contemplator
1105 3269 1298 3345 enim,
1333 3290 1480 3331 cum
1513 3264 1846 3331 montibus
1879 3268 2279 3330 adsimulata

592 3378 821 3442 nubila
854 3380 1221 3456 portabunt
1249 3378 1436 3442 uenti
1469 3386 1852 3442 transuersa
1886 3398 2004 3455 per
2038 3397 2253 3453 auraS‚
2806 3373 2901 3421 190

592 3495 708 3551 aut
739 3488 855 3551 ubi
887 3509 1006 3566 per
1036 3509 1308 3565 magnos
1338 3488 1582 3551 montis
1613 3489 1948 3550 cumulata
1979 3486 2237 3550 uidebis

591 3597 864 3676 insuper
895 3617 1028 3659 esse
1063 3598 1210 3660 aliis
1243 3598 1373 3661 alia
1406 3605 1605 3675 atque
1638 3618 1922 3675 urguere
1956 3617 2246 3675 superna

592 3707 662 3768 in
698 3708 979 3771 statione
1015 3709 1230 3769 locata
1265 3707 1542 3784 sepultis
1576 3707 1871 3784 undique
1910 3706 2147 3770 uentis,

593 3821 733 3879 tum
766 3817 1012 3895 poteris
1045 3836 1318 3893 magnas
1349 3817 1547 3878 moles
1582 3836 1964 3894 cognoscere
1999 3836 2222 3879 eorum

613 3949 712 3997 183
734 3949 878 4009 vulq.
907 3947 1096 3998 adficit

614 4016 714 4065 192
733 4016 879 4077 vuly.
912 4030 1151 4080 superne

1578 4185 1727 4236 [220]
