3182 4602
1144 416 1204 464 T.
1247 415 1488 466 LVGRE
1495 415 1573 464 TI
1614 415 1791 466 CARI

397 638 462 693 et
497 651 944 709 quaecumque
976 631 1048 693 in
1081 652 1156 694 eo
1186 639 1328 694 tum
1361 631 1497 693 sint
1528 632 1854 709 deprensa
1885 632 2180 694 tumultu

395 741 671 818 nauigia
703 741 777 802 in
809 717 1135 804 summum
1170 741 1452 804 ueniunt
1485 747 1727 804 uexata
1763 740 2101 819 periclum.
2385 767 2389 770 ·
2610 735 2712 785 430

397 853 518 914 hoc
550 851 626 913 fit
659 851 776 913 ubi
807 851 1145 914 interdum
1179 871 1312 913 non
1346 851 1492 928 quit
1525 851 1631 913 uis
1662 851 1868 913 incita
1899 849 2087 914 uenti

397 981 706 1039 rumpere
742 982 940 1038 quam
976 961 1190 1038 coepit
1226 961 1485 1038 nubem,
1523 962 1637 1022 sed
1674 960 2007 1038 deprimit,
2043 966 2122 1022 ut
2156 959 2243 1022 sit

397 1071 469 1132 in
500 1091 681 1134 mare
718 1072 798 1135 de
835 1073 1013 1134 caelo
1046 1078 1384 1149 tamquam
1419 1071 1702 1134 demissa
1739 1071 2059 1147 columna,

399 1181 744 1258 paulatim,
783 1181 971 1258 quasi
1007 1181 1169 1259 quid
1205 1202 1433 1259 pugno
1465 1181 1824 1259 brachique
1862 1201 2145 1258 superne

400 1290 698 1354 coniectu
729 1292 1049 1354 trudatur
1083 1297 1147 1355 et
1179 1292 1577 1354 extendatur
1613 1291 1682 1352 in
1715 1292 1965 1366 undas3
2210 1311 2214 1316 ·
2437 1341 2446 1351 .
2612 1286 2714 1335 435

400 1422 598 1478 quam
632 1422 780 1464 cum
814 1401 1100 1478 discidit,
1135 1401 1290 1463 hinc
1324 1400 1788 1479 prorumpitur
1824 1401 1895 1462 in
1924 1420 2106 1463 mare
2140 1399 2327 1462 uenti

399 1511 504 1573 uis
537 1516 601 1574 et
633 1509 967 1574 feruorem
998 1511 1242 1573 mirum
1274 1510 1628 1573 concinnat
1660 1510 1733 1573 in
1764 1510 1966 1573 undis
1982 1537 1997 1588 3

400 1622 861 1683 uersabundus
895 1620 1068 1682 enim
1100 1623 1298 1683 turbo
1329 1620 1667 1684 descendit
1700 1627 1764 1682 et
1796 1619 1979 1683 illam

402 1730 670 1792 deducit
707 1730 960 1808 pariter
995 1732 1176 1793 lento
1208 1752 1356 1794 cum
1390 1751 1662 1808 corpore
1696 1732 1970 1806 nubem;

403 1861 602 1917 quam
635 1840 831 1903 simul
865 1861 939 1902 ac
973 1841 1321 1918 grauidam
1356 1841 1641 1928 detrusit
1676 1841 1758 1903 ad
1795 1860 2080 1917 aequora
2113 1838 2321 1917 ponti,
2614 1837 2716 1885 440

403 1950 514 2013 ille
545 1949 615 2010 in
650 1971 888 2027 aquam
918 1950 1139 2013 subito
1168 1956 1383 2013 totum
1415 1971 1481 2014 se
1513 1950 1796 2012 inmittit
1829 1956 1893 2013 et
1926 1970 2112 2013 omne

404 2059 648 2123 excitat
683 2060 938 2138 ingenti
973 2060 1195 2123 sonitu
1227 2080 1406 2122 mare
1443 2059 1706 2122 feruere
1742 2079 1993 2138 cogens.

403 2169 494 2246 fit
527 2190 784 2246 quoque
814 2177 890 2232 ut
926 2170 1229 2233 inuoluat
1261 2170 1548 2233 uentise
1580 2169 1867 2232 nubibus
1901 2168 2041 2247 ipse

404 2286 637 2342 uertex
673 2281 1037 2343 conradens
1071 2303 1150 2343 ex
1185 2300 1332 2344 aere
1368 2279 1617 2343 semina
1653 2279 1847 2343 nubis

406 2397 470 2452 et
509 2390 696 2467 quasi
734 2391 1086 2454 demissum
1123 2392 1302 2454 caelo
1337 2397 1634 2469 prestera
1672 2390 1988 2454 imitetur.
2615 2386 2721 2435 445

316 2499 513 2562 —hic
547 2500 662 2563 ubi
698 2520 763 2563 se
800 2500 871 2561 in
905 2507 1120 2563 terras
1155 2500 1416 2563 demisit
1451 2492 1905 2578 dissoluitque,

406 2610 696 2672 turbinis
730 2609 1061 2673 inmanem
1095 2611 1233 2673 uim
1269 2610 1602 2689 prouomit
1639 2617 1836 2687 atque
1872 2611 2215 2688 procellae.

408 2720 521 2781 sed
553 2720 710 2797 quia
737 2720 812 2782 fit
845 2740 999 2783 raro
1031 2720 1295 2782 omnino
1326 2720 1695 2797 montisque
1726 2726 2045 2783 necessest

408 2829 658 2893 officere
688 2830 759 2891 in
789 2830 1006 2906 terris,
1041 2836 1322 2908 apparet
1356 2830 1650 2892 crebrius
1684 2830 1856 2893 idem

409 2947 763 3017 prospectu
793 2940 994 3002 maris
1027 2940 1097 3000 in
1129 2960 1370 3016 magno
1399 2940 1704 3016 caeloque
1736 2939 2013 3017 patenti.
2620 2937 2721 2986 450

1229 3216 1328 3266 DE
1373 3216 1711 3266 NVBIBVS

535 3305 780 3368 Nubila
814 3312 1259 3381 concrescunt,
1293 3306 1409 3368 ubi
1444 3325 1721 3383 corpora
1755 3306 1966 3368 multa
1998 3305 2285 3367 uolando

411 3415 531 3477 hoc
563 3436 762 3492 super
794 3415 866 3475 in
899 3415 1061 3477 caeli
1095 3415 1314 3492 spatio
1345 3416 1552 3479 coiere
1587 3422 1859 3493 repente

413 3524 766 3601 asperiora,
800 3524 1000 3586 moris
1034 3545 1200 3601 quae
1237 3525 1489 3603 possint
1523 3525 1920 3602 indupedita

413 3633 666 3711 exiguis
696 3641 918 3697 tamen
949 3634 1125 3697 inter
1157 3655 1222 3696 se
1256 3655 1639 3712 comprensa
1669 3635 1901 3697 teneri.

434 3766 537 3814 430
558 3766 701 3826 vuly.
735 3766 972 3817 veniant

436 3834 540 3882 434
558 3832 874 3897 brachiique

434 3900 538 3948 447
558 3900 834 3963 procellat

435 3968 538 4017 452
559 3967 704 4027 vuly.
735 3982 929 4031 supero

436 4036 537 4084 453
559 4033 735 4084 modis

1409 4189 1561 4240 [229]
