3182 4602
1276 378 1335 426 T.
1378 376 1705 427 LVGRETI
1744 375 1923 426 CARI

529 608 678 650 cum
715 589 1091 652 doctoribus
1127 589 1401 653 armatis
1435 589 1778 666 saeuisque
1814 589 2147 666 magistris

531 698 645 774 qui
679 699 1082 762 moderarier
1113 699 1217 761 his
1251 705 1515 777 possent
1547 699 1915 776 uinclisque
1948 706 2191 774 tenere,

445 808 949 885 —nequiquam,
986 809 1298 885 quoniam
1329 808 1661 887 permixta
1693 808 1887 871 caede
1922 809 2206 871 calentes

530 918 892 981 turbabant
931 917 1113 981 saeui
1154 919 1340 980 nullo
1380 918 1758 981 discrimine
1800 925 2074 993 turmaS‚

531 1026 853 1090 terrificas
887 1027 1182 1106 capitum
1215 1027 1575 1104 quatientis
1608 1027 1903 1104 undique
1938 1026 2189 1102 cristaS‚
2708 1021 2844 1070 1315

530 1156 648 1199 nec
685 1143 994 1214 poterant
1031 1137 1282 1214 equites
1320 1136 1597 1200 fremitu
1634 1137 1993 1215 perterrita
2029 1155 2345 1213 equorum

533 1251 800 1322 pectora
834 1246 1119 1308 mulcere
1157 1254 1221 1310 et
1259 1247 1470 1308 frenis
1507 1253 1890 1308 conuertere
1926 1245 1997 1307 in
2031 1245 2254 1308 hostis,

529 1354 812 1418 inritata
845 1356 983 1420 leae
1017 1355 1344 1419 iaciebant
1380 1376 1659 1434 corpora
1693 1357 1867 1418 saltu

531 1464 827 1541 undique
859 1472 926 1528 et
955 1466 1311 1528 aduersum
1339 1465 1762 1528 uenientibus
1795 1484 1912 1528 ora
1943 1465 2257 1542 petebant

532 1581 597 1636 et
627 1594 745 1636 nec
775 1574 1112 1651 opinantis
1140 1595 1179 1638 a
1206 1581 1396 1653 tergo
1423 1574 1842 1652 deripiebant
2711 1568 2847 1618 1320

421 1725 427 1732 -
533 1684 976 1761 deplexaeque
1006 1684 1258 1746 dabant
1291 1683 1362 1745 in
1394 1690 1644 1746 terram
1674 1684 1942 1745 uolnere
1977 1683 2206 1758 uictOS‚

533 1793 858 1856 morsibus
892 1792 1146 1857 adfixae
1182 1793 1426 1856 ualidis
1463 1800 1661 1870 atque
1697 1792 2034 1870 unguibus
2068 1791 2275 1855 uncis.

532 1901 999 1979 iactabantque
1031 1922 1183 1964 suos
1212 1902 1394 1965 tauri
1426 1902 1833 1981 pedibusque
1866 1903 2171 1965 terebant

534 2018 598 2074 et
631 2013 841 2074 latera
872 2032 947 2074 ac
977 2016 1246 2074 uentres
1275 2011 1637 2074 hauribant
1668 2018 1900 2089 supter
1932 2030 2248 2088 equorum

534 2120 843 2183 cornibus
877 2128 940 2184 et
975 2128 1222 2184 terram
1256 2121 1600 2183 minitanti
1632 2128 1848 2184 mente
1881 2121 2183 2183 ruebant.
2713 2116 2849 2165 1325

536 2237 599 2292 et
632 2230 878 2293 ualidis
911 2231 1116 2293 socios
1150 2231 1509 2293 caedebant
1545 2230 1857 2293 dentibus
1892 2229 2040 2309 apri

535 2342 666 2403 tela
701 2340 994 2403 infracta
1027 2361 1147 2403 suo
1177 2341 1556 2419 tinguentes
1589 2341 1912 2418 sanguine
1945 2340 2145 2417 saeui,

535 2450 606 2511 in
638 2470 704 2513 se
739 2450 958 2513 fracta
990 2470 1112 2512 suo
1141 2450 1522 2528 tinguentes
1555 2450 1877 2528 sanguine
1909 2451 2061 2525 tela,

536 2559 1026 2637 permixtasque
1058 2560 1308 2622 dabant
1340 2558 1639 2636 equitum
1669 2559 2097 2636 peditumque
2132 2558 2379 2622 ruinas,

535 2689 689 2731 nam
720 2676 1104 2731 transuersa
1135 2668 1315 2731 feros
1344 2669 1613 2731 exibant
1647 2669 1863 2731 dentis
1896 2669 2171 2731 adactus
2716 2665 2852 2714 1330

537 2777 831 2841 iumenta
868 2784 985 2841 aut
1023 2777 1302 2855 pedibus
1334 2784 1568 2840 uentos
1606 2785 1824 2840 erecta
1859 2779 2191 2855 petebant,

450 2887 956 2964 —nequiquam,
992 2886 1301 2964 quoniam
1337 2887 1419 2950 ab
1455 2886 1683 2949 neruis
1714 2886 1967 2949 succisa
1999 2886 2262 2950 uideres

537 2996 877 3059 concidere
911 3003 1108 3073 atque
1141 2995 1336 3074 graui
1367 3002 1616 3058 terram
1651 3002 2065 3058 consternere
2099 3016 2275 3059 casu.

535 3105 756 3182 siquos
788 3112 941 3167 ante
976 3105 1149 3167 domi
1181 3105 1462 3167 domitos
1493 3104 1655 3167 satis
1688 3124 1821 3166 esse
1855 3105 2204 3181 putabant,

539 3215 960 3277 efferuescere
996 3216 1351 3298 cernebant
1385 3214 1455 3276 in
1491 3216 1686 3276 rebus
1720 3214 2004 3291 agundis
2717 3214 2852 3262 1335

537 3323 922 3386 uolneribus
955 3324 1235 3386 clamore
1273 3322 1438 3401 fuga
1473 3330 1728 3386 terrore
1762 3324 2077 3399 tumultu,

539 3454 656 3495 nec
691 3440 999 3510 poterant
1032 3434 1238 3495 ullam
1271 3439 1528 3510 partem
1561 3433 1920 3495 redducere
1955 3452 2214 3509 eorum;

539 3542 932 3620 diffugiebat
969 3542 1142 3605 enim
1178 3542 1443 3604 uarium
1480 3562 1687 3619 genus
1724 3561 1914 3604 omne
1950 3540 2282 3618 ferarum3

538 3658 616 3713 ut
644 3672 823 3714 nunc
853 3671 1044 3728 saepe
1074 3651 1272 3713 boues
1303 3652 1487 3713 lucae
1519 3650 1703 3713 ferro
1731 3652 1899 3713 male
1929 3658 2180 3713 mactae

541 3760 927 3838 diffugiunt,
963 3760 1109 3823 fera
1141 3759 1322 3822 facta
1355 3760 1490 3822 suis
1520 3780 1669 3822 cum
1702 3761 1913 3822 multa
1947 3759 2201 3822 dedere.
2719 3760 2855 3809 1340

511 3869 599 3944 (si
633 3868 768 3932 fuit
799 3876 877 3931 ut
909 3868 1240 3931 facerent:
1274 3870 1389 3931 sed
1421 3868 1540 3931 uix
1572 3869 1867 3931 adducor
1897 3875 1975 3931 ut
2009 3876 2162 3932 ante

529 4001 664 4051 1325
685 4000 829 4060 vulg.
865 3998 1051 4048 fronte
1121 3999 1255 4061 fort.
1292 4003 1481 4050 mento
1517 4000 1825 4050 minitante

1530 4151 1677 4202 [209]
