3182 4602
1216 427 1276 474 T.
1319 426 1645 477 LVGRETI
1686 426 1862 476 CARI

467 639 944 717 speluncasque
975 641 1161 703 uelut
1193 641 1369 704 saxis
1400 639 1839 718 pendentibu’
1874 647 2161 703 structas
2682 635 2783 684 195

469 767 753 824 cernere,
787 769 952 826 quas
980 749 1168 812 uenti
1199 771 1348 812 cum
1381 756 1769 828 tempestate
1803 757 2025 813 coorta

467 858 881 935 conplerunt,
913 879 1154 937 magno
1181 859 1623 937 indignantur
1651 880 1989 922 murmure
2020 859 2225 922 clausi

467 967 756 1029 nubibus
788 968 860 1029 in
892 969 1236 1047 caueisque
1270 968 1566 1031 ferarum
1600 989 1778 1031 more
1810 969 2187 1044 minantur;

468 1097 647 1139 nunc
680 1077 834 1140 hinc
868 1098 1045 1140 nunc
1078 1078 1262 1141 illinc
1297 1061 1610 1141 fremitus
1643 1099 1762 1157 per
1796 1079 2029 1142 nubila
2061 1078 2339 1142 mittunt

468 1195 985 1265 quaerentesque
1018 1188 1198 1250 uiam
1231 1188 1478 1251 circum
1511 1195 1869 1251 uersantur
1903 1195 1968 1251 et
2001 1187 2175 1266 ignis
2680 1184 2781 1234 200

467 1296 717 1360 semina
748 1298 1147 1360 conuoluont
1190 1307 1373 1369 <e>
1414 1297 1703 1360 nubibus
1735 1304 1933 1375 atque
1965 1298 2061 1362 ita
2094 1304 2337 1376 cogunt

467 1407 678 1469 multa
711 1414 1063 1484 rotantque
1099 1407 1280 1470 cauis
1312 1407 1642 1470 flammam
1678 1407 2060 1470 fornacibus
2095 1407 2296 1484 intus,

469 1517 672 1578 donec
707 1516 964 1579 diuolsa
1001 1516 1339 1580 fulserunt
1375 1519 1548 1581 nube
1584 1517 1855 1580 corusci.

813 1622 900 1672 IN
941 1622 1278 1673 NVBIBVS
1320 1623 1622 1673 SEMINA
1662 1623 1935 1672 IGNITA
1974 1622 2246 1673 INESSE

594 1711 741 1772 Hac
773 1711 972 1774 etiam
1003 1712 1080 1774 fit
1112 1712 1214 1775 uti
1249 1713 1329 1775 de
1363 1732 1560 1775 causa
1593 1712 1850 1774 mobilis
1884 1712 1994 1775 ille

465 1820 727 1882 deuolet
761 1820 832 1881 in
864 1826 1112 1883 terram
1144 1821 1384 1898 liquidi
1416 1823 1593 1884 color
1627 1842 1867 1884 aureus
1900 1821 2092 1898 igniS‚
2678 1817 2781 1867 205

467 1929 716 1993 semina
748 1931 924 2007 quod
958 1932 1167 1994 nubes
1197 1931 1375 2009 ipsas
1409 1933 1741 2010 permulta
1774 1938 2103 1994 necessust

467 2039 643 2117 ignis
670 2040 944 2116 habere;
989 2041 1264 2117 (etenim
1297 2063 1446 2104 cum
1479 2048 1637 2104 sunt
1668 2060 1894 2103 umore
1926 2040 2065 2102 sine
2099 2041 2255 2116 ullo,

467 2149 807 2213 flammeus
841 2158 937 2213 est
973 2151 1360 2228 plerumque
1396 2152 1567 2213 colos
1605 2156 1669 2214 et
1704 2149 2092 2228 splendidus
2129 2149 2337 2226 ollis).

467 2259 714 2338 quippe
746 2259 987 2324 etenim
1019 2260 1172 2323 solis
1206 2261 1284 2325 de
1315 2260 1562 2324 lumine
1594 2260 1805 2324 multa
1836 2267 2155 2323 necessest

466 2370 828 2448 concipere,
859 2376 936 2433 ut
966 2371 1202 2433 merito
1232 2372 1514 2433 rubeant
1547 2370 1859 2448 ignesque
1893 2368 2331 2448 profundant.
2678 2366 2780 2415 210

466 2480 656 2542 hasce
691 2479 900 2557 igitur
935 2501 1083 2543 cum
1115 2487 1359 2543 uentus
1392 2500 1590 2557 agens
1627 2480 1952 2543 contrusit
1987 2479 2057 2541 in
2091 2499 2299 2541 unum

467 2589 978 2667 compressitque
1012 2590 1225 2652 locum
1260 2609 1512 2667 cogenS,
1549 2610 1857 2667 expressa
1891 2588 2318 2667 profundunt

465 2699 714 2761 semina
747 2719 914 2775 quae
949 2699 1208 2762 faciunt
1242 2699 1539 2762 fiammae
1575 2698 1833 2777 fulgere
1867 2700 2129 2761 colores.

378 2808 672 2886 —fulgit
706 2808 882 2885 item,
917 2829 1064 2871 cum
1097 2816 1442 2871 rarescunt
1477 2828 1733 2885 quoque
1767 2808 1998 2871 nubila
2031 2807 2213 2871 caeli.

466 2938 620 2980 ‘nam
649 2939 798 2980 cum
828 2926 1070 2981 uentus
1101 2938 1208 2981 eas
1240 2918 1478 2980 leuiter
1511 2916 1770 2979 diducit
1804 2916 2021 2979 euntis
2300 2988 2305 2993 ,
2676 2913 2779 2963 215

465 3027 918 3105 dissoluitque,
955 3029 1196 3090 cadant
1231 3027 1513 3104 ingratis
1547 3026 1663 3089 illa
1696 3033 2014 3089 necessest

465 3137 713 3200 semina
742 3157 910 3214 quae
942 3136 1202 3200 faciunt
1233 3135 1580 3214 fulgorem.
1656 3142 1800 3198 tum
1832 3135 1970 3198 sine
2001 3142 2217 3198 taetro

464 3253 716 3310 terrore
748 3254 813 3310 et
845 3246 1064 3309 sonitu
1096 3245 1302 3324 fulgit
1332 3246 1645 3322 nulloque
1676 3246 1990 3307 tumultU.

1275 3436 1374 3485 DE
1418 3436 1773 3485 FVLMINE

593 3525 782 3603 Quod
821 3532 1119 3602 superest
1167 3534 1230 3595 <
1242 3524 1497 3601 quali>
1545 3532 1790 3587 natura
1830 3524 2135 3601 praedita
2175 3532 2472 3587 constent

465 3633 771 3710 fulmina,
807 3634 1146 3697 declarant
1180 3633 1350 3696 ictus
1383 3640 1446 3695 et
1480 3633 1705 3696 inusta
1736 3634 2008 3711 uaporis
2674 3632 2776 3681 220

464 3743 653 3821 signa
685 3750 1005 3820 notaeque
1039 3742 1265 3820 grauis
1294 3742 1585 3805 halantis
1616 3743 1910 3820 sulpuris
1945 3763 2159 3806 auras,

435 3851 642 3930 (ignis
671 3851 843 3913 enim
873 3859 1028 3914 sunt
1059 3854 1219 3916 haec
1252 3872 1383 3914 non
1416 3852 1603 3914 uenti
1635 3852 1825 3930 signa
1857 3872 2065 3929 neque
2100 3852 2380 3928 imbris)

487 3983 588 4031 218
609 3984 762 4033 sonis
831 3982 963 4044 fort.
997 3982 1208 4033 tonitru

487 4050 589 4099 220
609 4050 721 4100 ictu
751 4054 807 4100 et
874 4050 1008 4112 fort.
1039 4051 1159 4102 icta
1190 4051 1310 4101 ictu
1342 4053 1400 4101 et

1453 4194 1601 4245 [221]
