3182 4602
1165 406 1226 455 T.
1268 405 1596 457 LVGRETI
1635 404 1813 456 CARI

417 618 614 695 plaga
643 638 762 680 nec
796 620 878 681 ad
913 626 1172 682 nostras
1204 619 1374 683 acies
1406 619 1779 697 perlabitur
1811 619 1999 696 ictuS,
2053 694 2061 703 Ι

418 747 572 790 aera
601 749 721 806 per
750 729 1035 790 multum
1066 728 1224 806 quia
1253 730 1413 791 dum
1443 729 1797 793 simulacra
1827 729 2162 806 ferun-tur,

418 836 590 914 cogit
619 838 959 907 hebescere
991 858 1138 900 eum
1168 838 1415 901 crebris
1444 839 1803 901 offensibus
1829 859 1960 902 aer.

417 947 534 1009 hoc
567 946 683 1010 ubi
717 947 999 1025 suffugit
1031 968 1291 1011 sensum
1323 948 1520 1010 simul
1555 950 1840 1026 angulus
1874 948 2100 1025 omniS,
2628 946 2731 995 360

417 1056 491 1118 fit
524 1056 714 1134 quasi
745 1064 823 1120 ut
859 1058 945 1120 ad
975 1063 1253 1121 turnum
1285 1076 1594 1121 saxorum
1628 1064 1885 1121 structa
1915 1064 2217 1122 tuantur.

415 1184 547 1227 non
578 1171 801 1228 tamen
831 1173 908 1229 ut
940 1186 1158 1229 coram
1191 1187 1357 1243 quae
1388 1172 1544 1229 sunt
1575 1187 1862 1244 uereque
1894 1168 2211 1244 rutunda,

417 1276 527 1337 sed
558 1272 749 1351 quasi
779 1276 1225 1339 adumbratim
1257 1278 1532 1355 paulum
1563 1276 1876 1340 simulata
1905 1276 2243 1340 uidentur.

1081 1382 1181 1431 DE
1224 1382 1496 1432 VMBRA
1539 1382 1874 1433 HOMINIS

417 1469 669 1532 Vmbra
699 1470 971 1532 uidetur
1001 1463 1158 1534 item
1190 1471 1378 1534 nobis
1409 1471 1480 1533 in
1513 1472 1645 1534 sole
1675 1471 1927 1535 moueri

418 1586 482 1641 et
513 1579 797 1657 uestigia
827 1588 1056 1643 nostra
1089 1581 1272 1658 sequi
1304 1588 1691 1659 gestumque
1724 1580 2009 1658 imitari3
2362 1630 2369 1637 .
2628 1580 2733 1629 365

418 1708 571 1751 aera
602 1689 658 1751 si
689 1689 903 1752 credis
935 1690 1278 1768 priuatum
1311 1691 1559 1753 lumine
1594 1711 1779 1769 posse

417 1798 792 1875 indugredi,
822 1806 1040 1862 motus
1066 1800 1406 1863 hominum
1437 1808 1823 1878 gestumque
1854 1808 2266 1877 sequentem

389 1908 572 1982 (nam
599 1908 769 1970 nihil
796 1928 930 1971 esse
959 1916 1175 1987 potest
1205 1909 1373 1973 aliut
1401 1910 1531 1971 nisi
1557 1910 1806 1974 lumine
1836 1930 2057 1973 cassus

419 2038 529 2080 aer
555 2017 625 2079 id
654 2019 831 2095 quod
858 2038 979 2081 nos
1005 2021 1305 2083 umbram
1335 2019 1680 2097 perhibere
1709 2020 2033 2096 suemus).

338 2127 732 2190 —nimirum
762 2128 918 2205 quia
945 2135 1126 2192 terra
1156 2128 1314 2191 locis
1345 2149 1424 2190 ex
1455 2129 1685 2192 ordine
1717 2129 1913 2192 certis
2628 2126 2729 2176 370

418 2237 664 2301 lumine
697 2238 1011 2316 priuatur
1042 2238 1194 2301 solis
1228 2259 1640 2317 quacumque
1671 2245 1962 2301 meantes

420 2347 747 2424 officimuS,
783 2350 1082 2427 repletur
1115 2349 1272 2412 item
1305 2350 1480 2426 quod
1513 2349 1828 2426 liquimus
1862 2348 2020 2425 eiuS‚

420 2466 770 2535 propterea
800 2459 876 2521 fit
906 2459 1011 2521 uti
1041 2459 1377 2537 uideatur,
1409 2480 1575 2537 quae
1610 2459 1746 2523 fuit
1778 2461 2013 2523 umbra

421 2567 728 2645 corporis,
761 2589 794 2629 e
825 2568 1089 2646 regione
1120 2570 1345 2632 eadem
1376 2589 1494 2631 nos
1523 2590 1731 2646 usque
1762 2576 2003 2632 secuta.

419 2696 671 2754 semper
702 2678 875 2741 enim
905 2699 1079 2741 noua
1110 2699 1176 2742 se
1208 2678 1547 2741 radiorum
1577 2679 1831 2742 lumina
1861 2678 2163 2741 fundunt
2628 2675 2730 2724 375

423 2787 763 2864 primaque
796 2787 1202 2864 dispereunt,
1238 2788 1426 2865 quasi
1461 2788 1530 2848 in
1563 2765 1783 2865 ignem
1814 2789 1969 2851 lana
2003 2789 2332 2851 trahatur.

421 2904 770 2973 propterea
805 2897 1002 2960 facile
1039 2905 1102 2960 et
1138 2897 1747 2975 spoliatur-lumine
1782 2902 1964 2961 terra

421 3012 482 3067 et
514 3007 810 3085 repletur
842 3007 999 3069 item
1033 3007 1387 3085 nigrasque
1421 3007 1545 3069 sibi
1580 3006 1791 3070 abluit
1826 3008 2111 3070 umbras.

543 3369 675 3432 Nec
707 3377 929 3433 tamen
961 3370 1067 3433 hic
1101 3371 1319 3433 oculos
1350 3370 1501 3434 falli
1533 3370 1949 3433 concedimus
1979 3371 2207 3434 hilum.

421 3497 570 3540 nam
604 3499 1013 3557 quocumque
1045 3481 1187 3543 loco
1218 3480 1304 3542 sit
1338 3481 1456 3543 lux
1491 3487 1688 3558 atque
1722 3481 1957 3543 umbra
1990 3481 2165 3544 tueri
2626 3479 2729 3528 380

422 3586 681 3651 illorum
714 3596 844 3666 est3
880 3591 1105 3652 eadem
1138 3610 1298 3652 uero
1329 3590 1463 3652 sint
1497 3591 1754 3654 lumina
1785 3611 2007 3666 necne,

421 3700 779 3776 umbraque
813 3720 980 3776 quae
1014 3699 1151 3762 fuit
1182 3699 1289 3762 hi'c
1323 3701 1547 3763 eadem
1581 3721 1760 3762 nunc
1792 3704 2088 3764 transeat
2123 3679 2298 3775 illuc,

422 3825 506 3868 an
533 3808 754 3885 potius
781 3808 898 3870 fiat
927 3809 1128 3886 paulo
1156 3810 1331 3886 quod
1360 3809 1649 3873 diximus
1678 3817 1851 3886 ante,

421 3915 537 3978 hoc
571 3916 774 3978 animi
804 3918 1068 3980 demum
1103 3918 1274 3981 ratio
1309 3919 1679 3982 discernere
1711 3920 1924 3996 debet,

443 4048 540 4096 361
562 4049 706 4109 vulg.
737 4052 954 4098 tornum
994 4086 1006 4098 .
1047 4085 1058 4098 .
1099 4086 1111 4098 .
1150 4052 1403 4100 terantur

1411 4185 1556 4238 [131]
