3182 4602
1146 501 1248 550 DE
1285 501 1548 550 RERVM
1583 499 1892 550 NATVRA
1934 501 1967 550 I

517 715 630 793 qui
667 722 884 794 posset
920 721 1131 778 mater
1167 717 1364 778 rebus
1401 715 1753 778 consistere
1791 717 2012 778 certa?

517 831 586 888 at
617 825 796 888 nunc
828 825 1184 888 seminibus
1218 826 1374 903 quia
1407 825 1605 889 certis
1637 845 1933 902 quaeque
1966 831 2297 900 creantur,

515 935 669 998 inde
698 935 1030 998 enascitur
1061 942 1258 1012 atque
1289 956 1435 999 oras
1465 935 1536 996 in
1561 935 1835 998 luminis
1862 934 2015 1011 exit,
2729 929 2828 979 170

515 1046 819 1108 materies
847 1045 964 1108 ubi
995 1045 1164 1108 inest
1195 1045 1510 1122 cuiusque
1543 1051 1608 1108 et
1638 1064 1915 1123 corpora
1947 1044 2198 1122 prima3

517 1162 712 1232 atque
744 1157 866 1218 hac
897 1176 968 1218 re
999 1162 1337 1232 nequeunt
1369 1175 1448 1216 ex
1479 1155 1781 1217 omnibus
1812 1154 2029 1216 omnia
2060 1153 2265 1231 gigni,

517 1265 688 1342 quod
722 1264 918 1327 certis
947 1265 1019 1326 in
1050 1267 1246 1328 rebus
1277 1264 1446 1327 inest
1479 1271 1728 1327 secreta
1762 1263 2067 1326 facultas

433 1381 857 1451 —praeterea
890 1395 1008 1437 cur
1041 1394 1196 1437 uere
1229 1395 1462 1450 rosam,
1498 1373 1839 1436 frumenta
1872 1374 2105 1450 calore,

514 1484 682 1547 uites
717 1491 1036 1547 autumno
1069 1483 1269 1546 fundi
1301 1485 1620 1547 suadente
1652 1483 1973 1559 uidemuS,
2727 1479 2828 1528 175

515 1593 571 1655 si
599 1613 752 1670 non,
785 1600 964 1656 certa
995 1614 1113 1657 suo
1145 1593 1300 1671 quia
1331 1601 1625 1672 tempore
1658 1593 1909 1656 semina
1938 1613 2161 1655 rerum

515 1724 661 1766 cum
695 1703 1174 1779 confluxerunt,
1211 1703 1441 1781 patefit
1475 1704 1931 1780 quodcumque
1964 1709 2247 1778 creatur,

515 1813 670 1875 dum
702 1819 1124 1891 tempestates
1155 1814 1399 1876 adsunt
1430 1820 1493 1876 et
1523 1812 1759 1874 uiuida
1789 1812 1987 1874 tellus

513 1929 660 1984 tuto
689 1943 793 1985 res
821 1929 1084 1985 teneras
1113 1923 1303 1986 effert
1333 1922 1405 1983 in
1435 1921 1707 1985 luminis
1738 1925 1927 1984 oras?

515 2033 687 2108 quod
723 2032 779 2094 si
816 2033 896 2095 de
931 2032 1143 2094 nihilo
1176 2031 1429 2109 fierent,
1467 2031 1686 2095 subito
1722 2039 2151 2095 exorerentur
2725 2027 2824 2076 180

513 2141 765 2204 incerto
794 2142 1012 2219 spatio
1043 2149 1240 2219 atque
1274 2141 1506 2204 alienis
1537 2141 1843 2220 partibus
1876 2141 2054 2218 anni,

514 2250 758 2330 quippe
791 2251 907 2314 ubi
939 2252 1129 2316 nulla
1162 2251 1385 2316 forent
1422 2251 1788 2331 primordia
1823 2272 1988 2329 quae
2025 2250 2299 2329 genitali

513 2362 787 2424 concilio
819 2368 1082 2440 possent
1117 2362 1328 2426 arceri
1360 2370 1655 2440 tempore
1689 2362 1935 2440 iniquo,

431 2490 629 2533 —nec
659 2491 859 2549 porro
887 2472 1206 2549 augendis
1236 2473 1430 2534 rebus
1459 2471 1679 2549 spatio
1706 2470 1880 2534 foret
1910 2492 2069 2534 usus

512 2580 773 2643 seminis
803 2582 887 2644 ad
918 2581 1180 2657 coitum,
1209 2581 1265 2643 si
1295 2603 1327 2644 e
1356 2581 1496 2643 nilo
1523 2602 1808 2644 crescere
1838 2588 2137 2659 possent3
2724 2558 2824 2627 185

512 2709 664 2753 nam
696 2691 929 2752 fierent
963 2690 1236 2753 iuuenes
1267 2690 1486 2753 subito
1515 2710 1596 2752 ex
1627 2690 1998 2753 infantibu'
2034 2690 2263 2768 paruis

512 2821 544 2862 6
572 2807 881 2877 terraque
913 2806 1141 2865 exorta
1170 2807 1442 2879 repente
1474 2801 1746 2863 arbusta
1775 2800 2067 2863 salirent.

513 2930 790 2987 quorum
819 2910 918 2971 nil
947 2910 1090 2971 fieri
1120 2909 1549 2973 manifestum
1581 2916 1695 2985 est,
1730 2910 1951 2973 omnia
1980 2910 2247 2986 quando

511 3019 834 3096 paulatim
866 3026 1186 3095 crescunt,
1219 3027 1297 3082 ut
1330 3040 1453 3098 par
1485 3026 1601 3095 est,
1634 3018 1877 3082 semine
1910 3026 2105 3095 certe,

509 3136 993 3205 crescentesque
1027 3149 1233 3207 genus
1263 3136 1568 3205 seruant3
1602 3136 1678 3191 ut
1710 3148 1972 3191 noscere
2006 3128 2213 3207 possis
2721 3126 2822 3175 190

509 3237 787 3314 quicque
817 3258 936 3301 sua
967 3240 1046 3302 de
1076 3240 1355 3302 materia
1385 3239 1815 3316 grandescere
1848 3238 2085 3315 alique.
2672 3236 2675 3241 ’

427 3348 635 3409 —huc
669 3347 919 3410 accedit
951 3348 1053 3411 uti
1086 3348 1224 3411 sine
1257 3348 1453 3411 certis
1486 3348 1810 3410 imbribus
1840 3348 2000 3411 anni

507 3456 822 3519 laetificos
852 3464 1135 3535 nequeat
1169 3457 1349 3520 fetus
1381 3458 1768 3521 submittere
1800 3459 1997 3521 tellus

508 3586 624 3629 nec
657 3587 859 3644 porro
889 3574 1137 3630 secreta
1169 3568 1313 3629 cibo
1344 3574 1588 3630 natura
1624 3568 2037 3630 animantum

509 3696 878 3754 propagare
916 3697 1121 3754 genus
1159 3676 1365 3754 possit
1402 3677 1742 3753 uitamque
1776 3677 1987 3753 tueri;
2721 3675 2821 3725 195

507 3791 582 3846 ut
621 3786 842 3863 potius
877 3785 1104 3848 multis
1141 3786 1512 3849 communia
1546 3806 1823 3864 corpora
1859 3787 2055 3849 rebus

508 3896 717 3958 multa
749 3901 943 3973 putes
976 3915 1128 3971 esse,
1161 3902 1237 3958 ut
1271 3895 1492 3958 uerbis
1526 3896 1846 3959 elementa
1879 3896 2200 3972 uidemUS,

509 4024 704 4080 quam
739 4004 877 4067 sine
913 4004 1262 4083 principiis
1296 4005 1501 4067 ullam
1537 4026 1675 4067 rem
1713 4005 1989 4067 existere
2027 4025 2229 4084 posse.

426 4113 788 4191 —denique
823 4135 942 4177 cur
974 4114 1269 4178 homines
1300 4121 1520 4177 tantos
1555 4122 1799 4177 natura
1834 4136 2074 4193 parare

1537 4298 1619 4350 [7]
