3182 4602
1131 390 1192 439 T.
1229 389 1556 441 LVGRETI
1591 389 1771 441 CARI

387 604 672 682 denique
699 624 817 668 nos
845 604 975 683 ipsi
1003 604 1210 668 caecis
1239 625 1686 683 quaecumque
1716 603 2005 668 tenebris

386 714 742 793 tangimus,
773 715 953 778 haud
981 715 1120 777 ullo
1147 715 1466 778 sentimus
1495 714 1711 777 tincta
1739 715 1970 777 colore.

389 825 565 902 quod
599 824 910 903 quoniam
940 825 1137 887 uinco
1168 824 1331 902 fieri,
1365 844 1543 886 nunc
1575 843 1710 887 esse
1745 823 1986 886 docebo

388 955 468 997 ex
499 933 770 998 ineunte
805 955 969 998 aeuo
999 935 1184 998 nullo
1217 934 1568 998 coniuncta
1602 933 1833 996 colore.
2602 927 2701 976 ⁷43

517 1128 746 1192 Omnis
779 1129 954 1192 enim
989 1130 1165 1192 color
1200 1128 1467 1191 omnino
1498 1135 1802 1190 mutatur
1836 1127 1907 1188 in
1943 1126 2187 1203 omnis;

389 1239 565 1316 quod
591 1237 810 1301 facere
837 1239 1017 1302 haud
1049 1239 1189 1301 ullo
1212 1239 1455 1301 debent
1485 1237 1854 1317 primordia
1882 1243 2110 1314 pacto;
2603 1231 2704 1281 750

387 1348 796 1411 immutabile
834 1348 1009 1410 enim
1043 1348 1361 1426 quiddam
1398 1368 1713 1426 superare
1751 1353 2089 1423 necessest,

388 1478 469 1520 ne
500 1478 604 1521 res
636 1459 721 1521 ad
754 1458 1038 1520 nihilum
1069 1458 1463 1536 redigantur
1496 1447 1809 1520 funditus
1842 1459 2080 1519 omnes,

361 1568 544 1644 (nam
577 1569 1033 1646 quodcumque
1067 1568 1203 1631 suis
1233 1575 1564 1630 mutatum
1596 1567 1839 1630 finibus
1873 1566 2026 1644 exit,

391 1677 705 1741 continuo
733 1679 854 1741 hoc
888 1698 1062 1740 mors
1094 1685 1190 1740 est
1223 1677 1404 1740 illius
1436 1678 1611 1755 quod
1647 1677 1785 1740 fuit
1816 1677 2023 1752 ante.)

1067 1783 1400 1835 COLORES
1447 1783 1611 1834 NON
1654 1783 1837 1834 ESSE

312 1873 668 1950 —proinde
700 1874 911 1936 colore
942 1894 1101 1936 caue
1133 1873 1477 1951 contingas
1509 1873 1760 1936 semina
1787 1891 2029 1948 rerum,
2604 1869 2705 1918 755

389 2004 471 2046 ne
499 1983 626 2046 tibi
653 2004 758 2046 res
787 1984 1062 2047 redeant
1093 1984 1178 2047 ad
1208 1983 1421 2045 nilum
1452 1983 1765 2045 funditus
1794 2002 2033 2045 omnes.

517 2178 870 2241 Praeterea
903 2178 959 2240 si
994 2179 1183 2241 nulla
1218 2178 1453 2241 coloris
1489 2177 1842 2255 principiis
1878 2183 1975 2240 est

392 2287 658 2351 reddita
687 2295 930 2352 natura
963 2296 1027 2352 et
1057 2288 1265 2352 uariis
1295 2295 1450 2351 sunt
1484 2287 1790 2366 praedita
1823 2286 2075 2365 formis,

391 2420 424 2462 c
453 2398 692 2476 quibus
723 2398 1111 2477 omnigenus
1141 2398 1427 2477 gignunt
1456 2398 1857 2475 uariantque
1889 2399 2152 2474 coloreS,

363 2508 738 2586 (praeterea
770 2509 996 2586 magni
1029 2510 1205 2586 quod
1238 2508 1449 2571 refert
1481 2508 1731 2571 semina
1766 2525 2060 2585 quaeque
2605 2503 2707 2553 760

391 2639 538 2682 cum
571 2618 814 2695 quibus
843 2626 907 2682 et
941 2618 1122 2695 quali
1153 2619 1455 2697 positura
1484 2618 1953 2681 contineantur

391 2735 454 2790 et
482 2747 645 2806 quos
674 2729 848 2791 inter
877 2749 942 2790 se
973 2729 1133 2791 dent
1162 2735 1378 2791 motus
1407 2728 1931 2806 accipiantque),

390 2838 711 2916 perfacile
743 2840 1072 2916 extemplo
1101 2838 1425 2901 rationem
1456 2838 1733 2901 reddere
1764 2837 1989 2915 possiS‚

390 2969 509 3011 cur
538 2968 616 3012 ea
643 2968 809 3025 quae
839 2948 1034 3026 nigro
1062 2948 1319 3011 fuerint
1349 2949 1551 3026 paulo
1579 2955 1733 3011 ante
1764 2948 1994 3024 colore,

389 3078 756 3121 marmoreo
780 3058 924 3122 fieri
953 3065 1230 3136 possunt
1258 3058 1541 3121 candore
1571 3064 1878 3134 repente3
2606 3053 2707 3102 765

389 3175 466 3230 ut
495 3188 697 3245 mare,
731 3189 880 3231 cum
911 3167 1135 3246 magni
1168 3174 1579 3230 commorunt
1612 3187 1896 3243 aequora
1927 3166 2133 3243 uenti,

388 3278 683 3341 uertitur
711 3277 781 3339 in
812 3298 1007 3340 canos
1038 3277 1348 3340 candenti
1378 3297 1702 3340 marmore
1733 3276 1992 3339 fluctus,

390 3388 607 3452 dicere
639 3386 812 3449 enim
843 3388 1069 3466 possiS‚
1101 3388 1369 3464 nigrum
1401 3388 1576 3463 quod
1606 3403 1798 3464 saepe
1828 3386 2150 3463 uidemus,

390 3498 697 3561 materies
726 3498 841 3560 ubi
872 3497 1203 3575 permixta
1232 3504 1327 3561 est
1358 3497 1538 3559 illius
1567 3503 1632 3560 et
1663 3497 1824 3559 ordo

391 3607 743 3686 principiis
774 3612 1072 3670 mutatus
1104 3614 1170 3669 et
1202 3607 1432 3669 addita
1463 3607 1862 3683 demptaque
1897 3606 2237 3683 quaedam,
2606 3603 2706 3652 770

393 3718 707 3781 continuo
738 3716 807 3779 id
838 3716 985 3779 fieri
1014 3724 1091 3779 ut
1122 3717 1410 3779 candens
1440 3716 1755 3779 uideatur
1788 3722 1853 3779 et
1886 3716 2125 3778 album.

314 3829 567 3905 —quod
597 3827 653 3890 si
685 3825 1002 3890 caeruleis
1033 3820 1411 3890 constarent
1443 3832 1730 3902 aequora
1759 3825 1948 3903 ponti

416 3968 514 4017 759
534 3968 680 4027 vuly.
714 3981 869 4017 omne
900 3982 1070 4032 genus

415 4034 512 4085 760
531 4035 680 4096 vuly.
715 4038 1020 4099 propterea

416 4103 514 4153 765
535 4104 681 4164 vulg.
710 4101 926 4166 possint
1403 4176 1516 4227 [65]
