3182 4602
1197 435 1258 484 Τ.
1298 434 1625 486 LVGRETI
1664 434 1842 485 CARI

390 708 398 713 .
449 648 975 727 chordarumque
1017 670 1205 713 sonos
1246 649 1390 713 fieri
1433 650 1774 728 dulcisque
1816 650 2159 727 querellas,
2225 682 2227 685 >

450 758 618 822 tibia
647 780 810 836 quas
844 759 1075 823 fundit
1108 760 1336 837 digitis
1370 760 1637 838 pulsata
1668 766 2039 836 canentum,
2660 748 2762 804 585

451 876 516 931 et
548 888 752 946 genus
784 870 1146 946 agricolum
1174 870 1306 933 late
1339 870 1707 945 sentiscere,
1740 889 1934 947 quom
1966 870 2110 931 Pan

451 978 650 1056 pinea
679 978 973 1042 semiferi
1006 979 1247 1057 capitis
1276 979 1609 1042 uelamina
1642 998 1959 1055 quassans

450 1108 622 1151 unco
654 1108 846 1166 saepe
881 1089 1067 1151 labro
1103 1089 1382 1171 calamos
1419 1088 1754 1167 percurrit
1788 1088 2055 1164 hiantis,

449 1197 673 1261 fistula
705 1198 1077 1274 siluestrem
1109 1219 1190 1262 ne
1224 1205 1427 1261 cesset
1460 1198 1745 1261 fundere
1779 1218 2050 1261 musam.

451 1313 670 1371 cetera
699 1308 780 1369 de
814 1328 1047 1385 genere
1080 1308 1201 1371 hoc
1233 1316 1529 1371 monstra
1559 1328 1635 1371 ac
1668 1290 1979 1386 portenta
2008 1287 2386 1385 loquontur,
2661 1304 2763 1354 590

449 1437 531 1481 ne
564 1417 707 1481 loca
736 1419 995 1481 deserta
1028 1419 1109 1482 ab
1141 1418 1317 1481 diuis
1350 1437 1608 1495 quoque
1641 1417 1823 1492 forte,
1848 1424 2174 1495 putentur

449 1528 589 1591 sola
618 1534 859 1591 tenere.
940 1528 1088 1591 ideo
1120 1528 1372 1591 iactant
1406 1528 1730 1591 miracula
1762 1527 1957 1589 dictis

451 1644 569 1700 aut
601 1637 827 1715 aliqua
857 1619 1113 1701 ratione
1133 1638 1281 1719 ⁴alia
1312 1638 1671 1715 ducuntur,
1706 1644 1783 1700 ut
1817 1657 2004 1701 omne

448 1747 813 1809 humanum
848 1766 1054 1825 genus
1088 1754 1184 1810 est
1221 1747 1496 1811 auidum
1529 1747 1727 1809 nimis
1762 1747 2267 1823 auricularum.)

657 1938 813 2002 QVA
859 1938 1081 1987 visvs
1127 1937 1291 1988 NON
1337 1938 1643 1988 TRANET
1691 1900 1954 1988 voch
2002 1898 2365 1988 TRANARE

578 2027 769 2104 Quod
803 2034 1121 2105 superest,
1155 2034 1288 2089 non
1324 2034 1420 2090 est
1454 2027 1835 2091 mirandum
1870 2049 2004 2105 qua
2033 2027 2307 2104 ratione,
2372 2086 2379 2093 ,
2660 2024 2763 2073 595

451 2157 570 2214 per
602 2137 748 2200 loca
779 2158 946 2214 quae
978 2144 1316 2214 nequeunt
1351 2138 1524 2200 oculi
1557 2158 1662 2200 res
1696 2157 1961 2200 cernere
1995 2142 2277 2215 apertas,

449 2247 608 2311 haec
639 2247 783 2310 loca
813 2266 935 2325 per
964 2267 1156 2311 uoces
1188 2247 1464 2311 ueniant
1499 2246 1807 2325 aurisque
1840 2248 2197 2323 lacessant3

450 2357 868 2434 conloquium
891 2368 975 2448 κ
985 2364 1136 2429 ut>
1181 2357 1418 2420 clausis
1453 2357 1712 2420 foribus
1746 2378 2003 2434 quoque
2037 2378 2229 2435 saepe
2263 2357 2583 2420 uidemus

369 2466 767 2530 —nimirum
798 2467 956 2545 quia
983 2487 1115 2530 uox
1148 2487 1266 2546 per
1299 2467 1469 2531 flexa
1499 2466 1835 2530 foramina
1863 2488 2086 2530 rerum

451 2576 796 2640 incolumis
830 2577 1117 2640 transire
1153 2584 1389 2655 potest,
1427 2576 1782 2640 simulacra
1816 2581 2169 2653 renutant;
2660 2573 2762 2623 600

422 2686 973 2764 (perscinduntur
1007 2687 1198 2763 enim,
1233 2686 1363 2748 nisi
1396 2693 1579 2750 recta
1612 2686 1945 2750 foramina
1975 2693 2271 2762 tranant,

451 2795 677 2874 qualia
707 2803 864 2859 sunt
894 2795 1115 2873 uitrei,
1147 2796 1395 2874 species
1427 2816 1559 2874 qua
1588 2796 1883 2860 trauolat
1916 2796 2188 2872 omnis).

449 2913 797 2982 praeterea
828 2905 1044 2984 partis
1073 2905 1142 2967 in
1178 2913 1449 2969 cunctas
1484 2905 1816 2969 diuiditur
1850 2926 2000 2982 uox,

452 3036 532 3078 ex
563 3015 712 3078 aliis
746 3015 912 3080 aliae
948 3015 1258 3093 quoniam
1293 3015 1685 3093 gignuntur,
1721 3015 1837 3078 ubi
1871 3037 2007 3079 una

453 3125 763 3188 dissuluit
795 3126 989 3188 semel
1020 3125 1092 3187 in
1123 3125 1366 3188 multas
1400 3133 1646 3200 exorta,
1682 3125 1870 3201 quasi
1904 3125 2077 3202 ignis
2663 3123 2766 3172 605
2871 3121 2873 3123 ’

453 3255 642 3313 saepe
673 3236 835 3298 solet
865 3235 1154 3298 scintilla
1183 3254 1332 3297 suos
1361 3254 1426 3298 se
1457 3254 1768 3312 spargere
1799 3235 1870 3312 in
1900 3235 2091 3312 ignis.

373 3364 608 3422 ——ergo
641 3346 987 3423 replentur
1018 3346 1162 3408 loca
1192 3344 1464 3407 uocibus
1499 3345 1727 3407 abdita
1760 3351 1957 3421 retro,

454 3454 673 3517 omnia
705 3474 870 3532 quae
904 3453 1152 3517 circum
1187 3453 1466 3516 fuerunt
1497 3454 1848 3531 sonituque
1882 3453 2159 3517 cientur.

454 3571 523 3627 at
555 3562 912 3627 simulacra
940 3564 1072 3626 uiis
1104 3563 1384 3627 derectis
1418 3564 1640 3628 omnia
1671 3565 1956 3627 tendunt

454 3679 529 3736 ut
557 3680 718 3736 sunt
743 3673 941 3736 missa
967 3673 1197 3750 semel;
1229 3681 1639 3751 quapropter
1668 3693 1931 3736 cernere
1962 3693 2153 3736 nemo
2216 3744 2221 3746 .
2585 3748 2589 3751 ,
2662 3670 2764 3720 610

454 3803 645 3860 saepe
677 3803 882 3861 supra
913 3783 1088 3861 potis
1119 3789 1235 3860 est,
1270 3790 1339 3847 at
1370 3803 1564 3846 uoces
1596 3782 1889 3859 accipere
1921 3789 2129 3846 extra.
2210 3829 2215 3832 -

475 3915 577 3964 594
598 3915 732 3976 fort.
765 3914 1074 3965 auscultare

476 3983 575 4032 608
593 3981 741 4043 vulg.
776 3981 1014 4034 fervunt

477 4050 574 4099 611
596 4050 732 4111 fort.
767 4065 935 4115 saepe
966 4054 1158 4116 potest
1190 4064 1290 4115 per
1322 4053 1525 4114 saepta

1444 4209 1591 4262 [139]
1625 4236 1631 4240 -
