<?xml version="1.0" encoding="UTF-8"?>
<!DOCTYPE html PUBLIC "-//W3C//DTD XHTML 1.0 Transitional//EN"
    "http://www.w3.org/TR/xhtml1/DTD/xhtml1-transitional.dtd">
<html xmlns="http://www.w3.org/1999/xhtml" xml:lang="en" lang="en">
 <head>
  <title>
</title>
<meta http-equiv="Content-Type" content="text/html;charset=utf-8" />
  <meta name='ocr-system' content='tesseract 3.04.00' />
  <meta name='ocr-capabilities' content='ocr_page ocr_carea ocr_par ocr_line ocrx_word'/>
</head>
<body>
  <div class='ocr_page' id='page_1' title='image "./lvcretiderervmn00unkngoog_0030.png"; bbox 0 0 3182 4602; ppageno 0'>
   <div class='ocr_carea' id='block_1_1' title="bbox 931 372 1789 443">
    <p class='ocr_par' dir='ltr' id='par_1_1' title="bbox 931 372 1789 443">
     <span class='ocr_line' id='line_1_1' title="bbox 931 372 1789 443; baseline 0.001 -10"><span class='ocrx_word' id='word_1_1' title='bbox 931 439 935 443; x_wconf 62' lang='grc'><strong>,</strong></span> <span class='ocrx_word' id='word_1_2' title='bbox 969 385 1070 433; x_wconf 83' lang='lat' dir='ltr'>DE</span> <span class='ocrx_word' id='word_1_3' title='bbox 1106 372 1371 434; x_wconf 76' lang='lat' dir='ltr'><strong><em>RERVM</em></strong></span> <span class='ocrx_word' id='word_1_4' title='bbox 1405 385 1715 435; x_wconf 79' lang='lat' dir='ltr'><strong><em>NATVRA</em></strong></span> <span class='ocrx_word' id='word_1_5' title='bbox 1756 385 1789 434; x_wconf 84' lang='grc' dir='ltr'><strong><em>Ι</em></strong></span> 
     </span>
    </p>
   </div>
   <div class='ocr_carea' id='block_1_2' title="bbox 329 597 2035 1336">
    <p class='ocr_par' dir='ltr' id='par_1_2' title="bbox 329 597 2013 897">
     <span class='ocr_line' id='line_1_2' title="bbox 330 597 2013 677; baseline 0.002 -18"><span class='ocrx_word' id='word_1_6' title='bbox 330 598 452 660; x_wconf 90' lang='lat' dir='ltr'>hoc</span> <span class='ocrx_word' id='word_1_7' title='bbox 481 597 607 660; x_wconf 92' lang='lat' dir='ltr'>tibi</span> <span class='ocrx_word' id='word_1_8' title='bbox 633 599 716 662; x_wconf 94' lang='lat' dir='ltr'>de</span> <span class='ocrx_word' id='word_1_9' title='bbox 747 599 950 677; x_wconf 93' lang='lat' dir='ltr'>plano</span> <span class='ocrx_word' id='word_1_10' title='bbox 978 619 1242 677; x_wconf 92' lang='lat' dir='ltr'>possum</span> <span class='ocrx_word' id='word_1_11' title='bbox 1273 599 1679 677; x_wconf 85' lang='lat' dir='ltr'>promittere,</span> <span class='ocrx_word' id='word_1_12' title='bbox 1714 598 2013 662; x_wconf 90' lang='lat' dir='ltr'>Memmi:</span> 
     </span>
     <span class='ocr_line' id='line_1_3' title="bbox 329 707 1965 786; baseline 0.001 -17"><span class='ocrx_word' id='word_1_13' title='bbox 329 727 539 785; x_wconf 91' lang='lat' dir='ltr'>usque</span> <span class='ocrx_word' id='word_1_14' title='bbox 571 709 734 776; x_wconf 91' lang='lat' dir='ltr'>adeo</span> <span class='ocrx_word' id='word_1_15' title='bbox 761 709 980 786; x_wconf 85' lang='lat' dir='ltr'>largos</span> <span class='ocrx_word' id='word_1_16' title='bbox 1009 710 1288 771; x_wconf 92' lang='lat' dir='ltr'>haustus</span> <span class='ocrx_word' id='word_1_17' title='bbox 1317 729 1350 770; x_wconf 96' lang='lat' dir='ltr'>e</span> <span class='ocrx_word' id='word_1_18' title='bbox 1381 707 1677 772; x_wconf 82' lang='lat' dir='ltr'>fontibu&#39;</span> <span class='ocrx_word' id='word_1_19' title='bbox 1708 707 1965 786; x_wconf 86' lang='lat' dir='ltr'>magnis</span> 
     </span>
     <span class='ocr_line' id='line_1_4' title="bbox 329 817 1863 897; baseline 0.001 -19"><span class='ocrx_word' id='word_1_20' title='bbox 329 817 564 895; x_wconf 86' lang='lat' dir='ltr'>lingua</span> <span class='ocrx_word' id='word_1_21' title='bbox 595 838 740 880; x_wconf 93' lang='lat' dir='ltr'>meo</span> <span class='ocrx_word' id='word_1_22' title='bbox 769 819 994 881; x_wconf 91' lang='lat' dir='ltr'>suauis</span> <span class='ocrx_word' id='word_1_23' title='bbox 1026 818 1155 881; x_wconf 94' lang='lat' dir='ltr'>diti</span> <span class='ocrx_word' id='word_1_24' title='bbox 1189 819 1270 882; x_wconf 93' lang='lat' dir='ltr'>de</span> <span class='ocrx_word' id='word_1_25' title='bbox 1304 825 1566 897; x_wconf 81' lang='lat' dir='ltr'>pectore</span> <span class='ocrx_word' id='word_1_26' title='bbox 1602 817 1863 894; x_wconf 80' lang='lat' dir='ltr'>fundet,</span> 
     </span>
    </p>

    <p class='ocr_par' dir='ltr' id='par_1_3' title="bbox 331 928 2035 1336">
     <span class='ocr_line' id='line_1_5' title="bbox 331 928 2035 1006; baseline 0 -17"><span class='ocrx_word' id='word_1_27' title='bbox 331 934 408 990; x_wconf 96' lang='lat' dir='ltr'>ut</span> <span class='ocrx_word' id='word_1_28' title='bbox 439 947 675 990; x_wconf 94' lang='lat' dir='ltr'>uerear</span> <span class='ocrx_word' id='word_1_29' title='bbox 705 949 786 991; x_wconf 95' lang='lat' dir='ltr'>ne</span> <span class='ocrx_word' id='word_1_30' title='bbox 817 928 1014 991; x_wconf 91' lang='lat' dir='ltr'>tarda</span> <span class='ocrx_word' id='word_1_31' title='bbox 1046 928 1234 1006; x_wconf 92' lang='lat' dir='ltr'>prius</span> <span class='ocrx_word' id='word_1_32' title='bbox 1266 948 1386 1006; x_wconf 94' lang='lat' dir='ltr'>per</span> <span class='ocrx_word' id='word_1_33' title='bbox 1415 929 1708 991; x_wconf 92' lang='lat' dir='ltr'>membra</span> <span class='ocrx_word' id='word_1_34' title='bbox 1736 934 2035 990; x_wconf 91' lang='lat' dir='ltr'>senectus</span> 
     </span>
     <span class='ocr_line' id='line_1_6' title="bbox 331 1036 1841 1114; baseline 0.001 -16"><span class='ocrx_word' id='word_1_35' title='bbox 331 1044 558 1114; x_wconf 83' lang='lat' dir='ltr'>serpat</span> <span class='ocrx_word' id='word_1_36' title='bbox 590 1043 657 1100; x_wconf 92' lang='lat' dir='ltr'>et</span> <span class='ocrx_word' id='word_1_37' title='bbox 688 1036 760 1099; x_wconf 95' lang='lat' dir='ltr'>in</span> <span class='ocrx_word' id='word_1_38' title='bbox 791 1038 978 1101; x_wconf 91' lang='lat' dir='ltr'>nobis</span> <span class='ocrx_word' id='word_1_39' title='bbox 1008 1037 1178 1101; x_wconf 90' lang='lat' dir='ltr'>uitai</span> <span class='ocrx_word' id='word_1_40' title='bbox 1209 1039 1501 1101; x_wconf 91' lang='lat' dir='ltr'>claustra</span> <span class='ocrx_word' id='word_1_41' title='bbox 1532 1038 1841 1113; x_wconf 92' lang='lat' dir='ltr'>resoluat,</span> 
     </span>
     <span class='ocr_line' id='line_1_7' title="bbox 331 1146 1914 1225; baseline -0.001 -16"><span class='ocrx_word' id='word_1_42' title='bbox 331 1167 531 1224; x_wconf 94' lang='lat' dir='ltr'>quam</span> <span class='ocrx_word' id='word_1_43' title='bbox 561 1147 688 1209; x_wconf 91' lang='lat' dir='ltr'>tibi</span> <span class='ocrx_word' id='word_1_44' title='bbox 717 1147 799 1208; x_wconf 92' lang='lat' dir='ltr'>de</span> <span class='ocrx_word' id='word_1_45' title='bbox 831 1147 1069 1225; x_wconf 93' lang='lat' dir='ltr'>quauis</span> <span class='ocrx_word' id='word_1_46' title='bbox 1099 1169 1235 1210; x_wconf 95' lang='lat' dir='ltr'>una</span> <span class='ocrx_word' id='word_1_47' title='bbox 1264 1168 1335 1211; x_wconf 94' lang='lat' dir='ltr'>re</span> <span class='ocrx_word' id='word_1_48' title='bbox 1367 1147 1670 1210; x_wconf 91' lang='lat' dir='ltr'>uersibus</span> <span class='ocrx_word' id='word_1_49' title='bbox 1703 1146 1914 1208; x_wconf 89' lang='lat' dir='ltr'>omnis</span> 
     </span>
     <span class='ocr_line' id='line_1_8' title="bbox 332 1256 1859 1336; baseline -0.001 -17"><span class='ocrx_word' id='word_1_50' title='bbox 332 1264 876 1335; x_wconf 85' lang='lat' dir='ltr'>argumentorum</span> <span class='ocrx_word' id='word_1_51' title='bbox 906 1258 993 1320; x_wconf 91' lang='lat' dir='ltr'>sit</span> <span class='ocrx_word' id='word_1_52' title='bbox 1023 1257 1212 1336; x_wconf 91' lang='lat' dir='ltr'>copia</span> <span class='ocrx_word' id='word_1_53' title='bbox 1242 1257 1440 1320; x_wconf 91' lang='lat' dir='ltr'>missa</span> <span class='ocrx_word' id='word_1_54' title='bbox 1472 1277 1593 1335; x_wconf 93' lang='lat' dir='ltr'>per</span> <span class='ocrx_word' id='word_1_55' title='bbox 1625 1256 1859 1333; x_wconf 75' lang='lat' dir='ltr'>auris)</span> 
     </span>
    </p>
   </div>
   <div class='ocr_carea' id='block_1_3' title="bbox 461 1603 2248 1761">
    <p class='ocr_par' dir='ltr' id='par_1_4' title="bbox 461 1603 2248 1761">
     <span class='ocr_line' id='line_1_9' title="bbox 461 1603 2207 1683; baseline -0.001 -16"><span class='ocrx_word' id='word_1_56' title='bbox 461 1603 590 1667; x_wconf 87' lang='lat' dir='ltr'>Sed</span> <span class='ocrx_word' id='word_1_57' title='bbox 626 1624 805 1667; x_wconf 92' lang='lat' dir='ltr'>nunc</span> <span class='ocrx_word' id='word_1_58' title='bbox 838 1611 914 1667; x_wconf 99' lang='lat' dir='ltr'>ut</span> <span class='ocrx_word' id='word_1_59' title='bbox 946 1611 1243 1683; x_wconf 85' lang='lat' dir='ltr'>repetam</span> <span class='ocrx_word' id='word_1_60' title='bbox 1278 1611 1582 1683; x_wconf 91' lang='lat' dir='ltr'>coeptum</span> <span class='ocrx_word' id='word_1_61' title='bbox 1617 1611 1957 1682; x_wconf 86' lang='lat' dir='ltr'>pertexere</span> <span class='ocrx_word' id='word_1_62' title='bbox 1993 1603 2207 1680; x_wconf 80' lang='lat' dir='ltr'>dietis,</span> 
     </span>
     <span class='ocr_line' id='line_1_10' title="bbox 548 1709 2248 1761; baseline 0 -1"><span class='ocrx_word' id='word_1_63' title='bbox 548 1710 836 1761; x_wconf 85' lang='lat' dir='ltr'>CORPVS</span> <span class='ocrx_word' id='word_1_64' title='bbox 879 1711 976 1760; x_wconf 83' lang='lat' dir='ltr'>ET</span> <span class='ocrx_word' id='word_1_65' title='bbox 1021 1711 1270 1760; x_wconf 87' lang='lat' dir='ltr'>INANE</span> <span class='ocrx_word' id='word_1_66' title='bbox 1316 1711 1498 1761; x_wconf 84' lang='lat' dir='ltr'>ESSE</span> <span class='ocrx_word' id='word_1_67' title='bbox 1545 1711 1929 1761; x_wconf 80' lang='lat' dir='ltr'>NATVRAM</span> <span class='ocrx_word' id='word_1_68' title='bbox 1974 1709 2248 1761; x_wconf 84' lang='lat' dir='ltr'>RERVM</span> 
     </span>
    </p>
   </div>
   <div class='ocr_carea' id='block_1_4' title="bbox 247 1799 2185 2866">
    <p class='ocr_par' dir='ltr' id='par_1_5' title="bbox 334 1799 1839 1878">
     <span class='ocr_line' id='line_1_11' title="bbox 334 1799 1839 1878; baseline 0.001 -18"><span class='ocrx_word' id='word_1_69' title='bbox 334 1799 544 1861; x_wconf 92' lang='lat' dir='ltr'>omnis</span> <span class='ocrx_word' id='word_1_70' title='bbox 573 1806 652 1862; x_wconf 95' lang='lat' dir='ltr'>ut</span> <span class='ocrx_word' id='word_1_71' title='bbox 685 1806 780 1862; x_wconf 90' lang='lat' dir='ltr'>est</span> <span class='ocrx_word' id='word_1_72' title='bbox 812 1799 1021 1877; x_wconf 85' lang='lat' dir='ltr'>igitur</span> <span class='ocrx_word' id='word_1_73' title='bbox 1054 1820 1174 1878; x_wconf 93' lang='lat' dir='ltr'>per</span> <span class='ocrx_word' id='word_1_74' title='bbox 1203 1819 1270 1863; x_wconf 91' lang='lat' dir='ltr'>se</span> <span class='ocrx_word' id='word_1_75' title='bbox 1302 1806 1547 1863; x_wconf 92' lang='lat' dir='ltr'>natura</span> <span class='ocrx_word' id='word_1_76' title='bbox 1579 1801 1839 1862; x_wconf 92' lang='lat' dir='ltr'>duabus</span> 
     </span>
    </p>

    <p class='ocr_par' dir='ltr' id='par_1_6' title="bbox 333 1908 2027 1987">
     <span class='ocr_line' id='line_1_12' title="bbox 333 1908 2027 1987; baseline -0.001 -16"><span class='ocrx_word' id='word_1_77' title='bbox 333 1908 634 1972; x_wconf 91' lang='lat' dir='ltr'>constitit</span> <span class='ocrx_word' id='word_1_78' title='bbox 665 1908 736 1971; x_wconf 96' lang='lat' dir='ltr'>in</span> <span class='ocrx_word' id='word_1_79' title='bbox 769 1911 998 1986; x_wconf 89' lang='lat' dir='ltr'>rebus;</span> <span class='ocrx_word' id='word_1_80' title='bbox 1031 1930 1186 1972; x_wconf 90' lang='lat' dir='ltr'>nam</span> <span class='ocrx_word' id='word_1_81' title='bbox 1218 1930 1496 1987; x_wconf 91' lang='lat' dir='ltr'>corpora</span> <span class='ocrx_word' id='word_1_82' title='bbox 1525 1916 1682 1972; x_wconf 91' lang='lat' dir='ltr'>sunt</span> <span class='ocrx_word' id='word_1_83' title='bbox 1716 1916 1781 1972; x_wconf 92' lang='lat' dir='ltr'>et</span> <span class='ocrx_word' id='word_1_84' title='bbox 1812 1909 2027 1985; x_wconf 92' lang='lat' dir='ltr'>inane,</span> 
     </span>
    </p>

    <p class='ocr_par' dir='ltr' id='par_1_7' title="bbox 247 2018 2084 2206">
     <span class='ocr_line' id='line_1_13' title="bbox 332 2018 2084 2105; baseline 0.002 -27"><span class='ocrx_word' id='word_1_85' title='bbox 332 2018 492 2081; x_wconf 90' lang='lat' dir='ltr'>haec</span> <span class='ocrx_word' id='word_1_86' title='bbox 528 2018 598 2080; x_wconf 93' lang='lat' dir='ltr'>in</span> <span class='ocrx_word' id='word_1_87' title='bbox 633 2039 764 2097; x_wconf 92' lang='lat' dir='ltr'>quo</span> <span class='ocrx_word' id='word_1_88' title='bbox 795 2018 927 2082; x_wconf 90' lang='lat' dir='ltr'>sita</span> <span class='ocrx_word' id='word_1_89' title='bbox 957 2027 1115 2083; x_wconf 92' lang='lat' dir='ltr'>sunt</span> <span class='ocrx_word' id='word_1_90' title='bbox 1150 2026 1214 2083; x_wconf 93' lang='lat' dir='ltr'>et</span> <span class='ocrx_word' id='word_1_91' title='bbox 1248 2040 1379 2097; x_wconf 92' lang='lat' dir='ltr'>qua</span> <span class='ocrx_word' id='word_1_92' title='bbox 1409 2019 1679 2105; x_wconf 84' lang='lat' dir='ltr'>diuersa</span> <span class='ocrx_word' id='word_1_93' title='bbox 1712 2025 2084 2081; x_wconf 92' lang='lat' dir='ltr'>mouentur.</span> 
     </span>
     <span class='ocr_line' id='line_1_14' title="bbox 247 2128 1890 2206; baseline -0.001 -15"><span class='ocrx_word' id='word_1_94' title='bbox 247 2148 574 2206; x_wconf 86' lang='lat' dir='ltr'>—corpus</span> <span class='ocrx_word' id='word_1_95' title='bbox 607 2129 782 2190; x_wconf 94' lang='lat' dir='ltr'>enim</span> <span class='ocrx_word' id='word_1_96' title='bbox 815 2149 934 2206; x_wconf 94' lang='lat' dir='ltr'>per</span> <span class='ocrx_word' id='word_1_97' title='bbox 965 2150 1031 2192; x_wconf 91' lang='lat' dir='ltr'>se</span> <span class='ocrx_word' id='word_1_98' title='bbox 1066 2129 1426 2192; x_wconf 92' lang='lat' dir='ltr'>communis</span> <span class='ocrx_word' id='word_1_99' title='bbox 1459 2128 1722 2191; x_wconf 83' lang='lat' dir='ltr'>dedicat</span> <span class='ocrx_word' id='word_1_100' title='bbox 1756 2148 1890 2192; x_wconf 90' lang='lat' dir='ltr'>esse</span> 
     </span>
    </p>

    <p class='ocr_par' dir='ltr' id='par_1_8' title="bbox 333 2237 1956 2317">
     <span class='ocr_line' id='line_1_15' title="bbox 333 2237 1956 2317; baseline 0 -17"><span class='ocrx_word' id='word_1_101' title='bbox 333 2258 594 2316; x_wconf 90' lang='lat' dir='ltr'>sensus;</span> <span class='ocrx_word' id='word_1_102' title='bbox 629 2239 735 2301; x_wconf 91' lang='lat' dir='ltr'>cui</span> <span class='ocrx_word' id='word_1_103' title='bbox 765 2238 895 2301; x_wconf 91' lang='lat' dir='ltr'>nisi</span> <span class='ocrx_word' id='word_1_104' title='bbox 927 2239 1145 2317; x_wconf 87' lang='lat' dir='ltr'>prima</span> <span class='ocrx_word' id='word_1_105' title='bbox 1174 2239 1337 2303; x_wconf 90' lang='lat' dir='ltr'>fides</span> <span class='ocrx_word' id='word_1_106' title='bbox 1366 2238 1657 2303; x_wconf 79' lang='lat' dir='ltr'>fundata</span> <span class='ocrx_word' id='word_1_107' title='bbox 1686 2237 1956 2315; x_wconf 89' lang='lat' dir='ltr'>ualebit,</span> 
     </span>
    </p>

    <p class='ocr_par' dir='ltr' id='par_1_9' title="bbox 332 2348 1869 2427">
     <span class='ocr_line' id='line_1_16' title="bbox 332 2348 1869 2427; baseline 0 -17"><span class='ocrx_word' id='word_1_108' title='bbox 332 2350 498 2412; x_wconf 90' lang='lat' dir='ltr'>haut</span> <span class='ocrx_word' id='word_1_109' title='bbox 534 2350 661 2412; x_wconf 92' lang='lat' dir='ltr'>erit</span> <span class='ocrx_word' id='word_1_110' title='bbox 693 2350 966 2413; x_wconf 91' lang='lat' dir='ltr'>occultis</span> <span class='ocrx_word' id='word_1_111' title='bbox 996 2350 1078 2413; x_wconf 93' lang='lat' dir='ltr'>de</span> <span class='ocrx_word' id='word_1_112' title='bbox 1112 2352 1309 2413; x_wconf 91' lang='lat' dir='ltr'>rebus</span> <span class='ocrx_word' id='word_1_113' title='bbox 1341 2370 1471 2427; x_wconf 94' lang='lat' dir='ltr'>quo</span> <span class='ocrx_word' id='word_1_114' title='bbox 1502 2348 1869 2412; x_wconf 81' lang='lat' dir='ltr'>referentes</span> 
     </span>
    </p>

    <p class='ocr_par' dir='ltr' id='par_1_10' title="bbox 334 2459 2023 2537">
     <span class='ocr_line' id='line_1_17' title="bbox 334 2459 2023 2537; baseline -0.001 -15"><span class='ocrx_word' id='word_1_115' title='bbox 334 2459 722 2522; x_wconf 90' lang='lat' dir='ltr'>confirmare</span> <span class='ocrx_word' id='word_1_116' title='bbox 761 2459 965 2522; x_wconf 91' lang='lat' dir='ltr'>animi</span> <span class='ocrx_word' id='word_1_117' title='bbox 1004 2459 1357 2537; x_wconf 90' lang='lat' dir='ltr'>quicquam</span> <span class='ocrx_word' id='word_1_118' title='bbox 1394 2459 1651 2522; x_wconf 91' lang='lat' dir='ltr'>ratione</span> <span class='ocrx_word' id='word_1_119' title='bbox 1691 2477 2023 2536; x_wconf 76' lang='lat' dir='ltr'>queamus</span> 
     </span>
    </p>

    <p class='ocr_par' dir='ltr' id='par_1_11' title="bbox 337 2568 2185 2647">
     <span class='ocr_line' id='line_1_18' title="bbox 337 2568 2185 2647; baseline 0.001 -18"><span class='ocrx_word' id='word_1_120' title='bbox 337 2572 478 2631; x_wconf 80' lang='lat' dir='ltr'>tum</span> <span class='ocrx_word' id='word_1_121' title='bbox 514 2589 712 2646; x_wconf 91' lang='lat' dir='ltr'>porro</span> <span class='ocrx_word' id='word_1_122' title='bbox 745 2570 928 2631; x_wconf 91' lang='lat' dir='ltr'>locus</span> <span class='ocrx_word' id='word_1_123' title='bbox 960 2590 1034 2632; x_wconf 92' lang='lat' dir='ltr'>ac</span> <span class='ocrx_word' id='word_1_124' title='bbox 1068 2569 1380 2647; x_wconf 89' lang='lat' dir='ltr'>spatium,</span> <span class='ocrx_word' id='word_1_125' title='bbox 1416 2570 1590 2646; x_wconf 94' lang='lat' dir='ltr'>quod</span> <span class='ocrx_word' id='word_1_126' title='bbox 1626 2568 1823 2631; x_wconf 89' lang='lat' dir='ltr'>inane</span> <span class='ocrx_word' id='word_1_127' title='bbox 1856 2588 2185 2644; x_wconf 80' lang='lat' dir='ltr'>uocamuS,</span> 
     </span>
    </p>

    <p class='ocr_par' dir='ltr' id='par_1_12' title="bbox 335 2678 2176 2756">
     <span class='ocr_line' id='line_1_19' title="bbox 335 2678 2176 2756; baseline 0 -17"><span class='ocrx_word' id='word_1_128' title='bbox 335 2678 390 2739; x_wconf 89' lang='lat' dir='ltr'>si</span> <span class='ocrx_word' id='word_1_129' title='bbox 418 2679 680 2741; x_wconf 92' lang='lat' dir='ltr'>nullum</span> <span class='ocrx_word' id='word_1_130' title='bbox 711 2678 904 2755; x_wconf 79' lang='lat' dir='ltr'>foret,</span> <span class='ocrx_word' id='word_1_131' title='bbox 936 2680 1101 2742; x_wconf 90' lang='lat' dir='ltr'>haut</span> <span class='ocrx_word' id='word_1_132' title='bbox 1132 2699 1411 2756; x_wconf 85' lang='lat' dir='ltr'>usquam</span> <span class='ocrx_word' id='word_1_133' title='bbox 1441 2678 1570 2741; x_wconf 92' lang='lat' dir='ltr'>sita</span> <span class='ocrx_word' id='word_1_134' title='bbox 1602 2698 1882 2755; x_wconf 93' lang='lat' dir='ltr'>corpora</span> <span class='ocrx_word' id='word_1_135' title='bbox 1912 2684 2176 2755; x_wconf 84' lang='lat' dir='ltr'>possent</span> 
     </span>
    </p>

    <p class='ocr_par' dir='ltr' id='par_1_13' title="bbox 335 2788 1935 2866">
     <span class='ocr_line' id='line_1_20' title="bbox 335 2788 1935 2866; baseline 0 -15"><span class='ocrx_word' id='word_1_136' title='bbox 335 2808 468 2852; x_wconf 87' lang='lat' dir='ltr'>esse</span> <span class='ocrx_word' id='word_1_137' title='bbox 504 2808 716 2865; x_wconf 92' lang='lat' dir='ltr'>neque</span> <span class='ocrx_word' id='word_1_138' title='bbox 753 2788 1020 2852; x_wconf 91' lang='lat' dir='ltr'>omnino</span> <span class='ocrx_word' id='word_1_139' title='bbox 1053 2808 1383 2866; x_wconf 91' lang='lat' dir='ltr'>quoquam</span> <span class='ocrx_word' id='word_1_140' title='bbox 1418 2788 1687 2851; x_wconf 91' lang='lat' dir='ltr'>diuersa</span> <span class='ocrx_word' id='word_1_141' title='bbox 1717 2808 1935 2851; x_wconf 87' lang='lat' dir='ltr'>meare</span> 
     </span>
    </p>
   </div>
   <div class='ocr_carea' id='block_1_5' title="bbox 304 2897 2246 3054">
    <p class='ocr_par' dir='ltr' id='par_1_14' title="bbox 304 2897 2246 3054">
     <span class='ocr_line' id='line_1_21' title="bbox 304 2897 2143 2976; baseline 0.001 -18"><span class='ocrx_word' id='word_1_142' title='bbox 304 2897 406 2973; x_wconf 90' lang='lat' dir='ltr'>(id</span> <span class='ocrx_word' id='word_1_143' title='bbox 439 2898 616 2976; x_wconf 91' lang='lat' dir='ltr'>quod</span> <span class='ocrx_word' id='word_1_144' title='bbox 651 2898 782 2960; x_wconf 94' lang='lat' dir='ltr'>iam</span> <span class='ocrx_word' id='word_1_145' title='bbox 818 2918 1061 2976; x_wconf 91' lang='lat' dir='ltr'>supera</span> <span class='ocrx_word' id='word_1_146' title='bbox 1091 2898 1216 2960; x_wconf 91' lang='lat' dir='ltr'>tibi</span> <span class='ocrx_word' id='word_1_147' title='bbox 1251 2899 1453 2975; x_wconf 93' lang='lat' dir='ltr'>paulo</span> <span class='ocrx_word' id='word_1_148' title='bbox 1487 2897 1892 2960; x_wconf 89' lang='lat' dir='ltr'>ostendimus</span> <span class='ocrx_word' id='word_1_149' title='bbox 1928 2897 2143 2973; x_wconf 90' lang='lat' dir='ltr'>ante).</span> 
     </span>
     <span class='ocr_line' id='line_1_22' title="bbox 550 3003 2246 3054; baseline 0 -1"><span class='ocrx_word' id='word_1_150' title='bbox 550 3004 897 3054; x_wconf 82' lang='lat' dir='ltr'>TERTIAM</span> <span class='ocrx_word' id='word_1_151' title='bbox 941 3004 1325 3054; x_wconf 82' lang='lat' dir='ltr'>NATVRAM</span> <span class='ocrx_word' id='word_1_152' title='bbox 1372 3004 1702 3053; x_wconf 83' lang='lat' dir='ltr'>NVLLAM</span> <span class='ocrx_word' id='word_1_153' title='bbox 1746 3004 1928 3054; x_wconf 83' lang='lat' dir='ltr'>ESSE</span> <span class='ocrx_word' id='word_1_154' title='bbox 1974 3003 2246 3053; x_wconf 84' lang='lat' dir='ltr'>RERVM</span> 
     </span>
    </p>
   </div>
   <div class='ocr_carea' id='block_1_6' title="bbox 248 3092 2031 3389">
    <p class='ocr_par' dir='ltr' id='par_1_15' title="bbox 248 3092 2031 3389">
     <span class='ocr_line' id='line_1_23' title="bbox 248 3092 2031 3171; baseline 0.001 -18"><span class='ocrx_word' id='word_1_155' title='bbox 248 3099 679 3169; x_wconf 85' lang='lat' dir='ltr'>—praeterea</span> <span class='ocrx_word' id='word_1_156' title='bbox 711 3092 879 3154; x_wconf 91' lang='lat' dir='ltr'>nihil</span> <span class='ocrx_word' id='word_1_157' title='bbox 912 3100 1010 3155; x_wconf 90' lang='lat' dir='ltr'>est</span> <span class='ocrx_word' id='word_1_158' title='bbox 1041 3094 1218 3171; x_wconf 92' lang='lat' dir='ltr'>quod</span> <span class='ocrx_word' id='word_1_159' title='bbox 1250 3093 1460 3171; x_wconf 89' lang='lat' dir='ltr'>possis</span> <span class='ocrx_word' id='word_1_160' title='bbox 1491 3092 1707 3155; x_wconf 83' lang='lat' dir='ltr'>dicere</span> <span class='ocrx_word' id='word_1_161' title='bbox 1740 3094 1821 3155; x_wconf 98' lang='lat' dir='ltr'>ab</span> <span class='ocrx_word' id='word_1_162' title='bbox 1854 3092 2031 3154; x_wconf 95' lang='lat' dir='ltr'>omni</span> 
     </span>
     <span class='ocr_line' id='line_1_24' title="bbox 338 3202 2027 3281; baseline -0.001 -17"><span class='ocrx_word' id='word_1_163' title='bbox 338 3222 608 3281; x_wconf 92' lang='lat' dir='ltr'>corpore</span> <span class='ocrx_word' id='word_1_164' title='bbox 644 3202 1014 3265; x_wconf 90' lang='lat' dir='ltr'>seiunctum</span> <span class='ocrx_word' id='word_1_165' title='bbox 1049 3209 1500 3280; x_wconf 91' lang='lat' dir='ltr'>secretumque</span> <span class='ocrx_word' id='word_1_166' title='bbox 1535 3223 1671 3266; x_wconf 91' lang='lat' dir='ltr'>esse</span> <span class='ocrx_word' id='word_1_167' title='bbox 1705 3204 1786 3265; x_wconf 91' lang='lat' dir='ltr'>ab</span> <span class='ocrx_word' id='word_1_168' title='bbox 1822 3202 2027 3279; x_wconf 91' lang='lat' dir='ltr'>inani,</span> 
     </span>
     <span class='ocr_line' id='line_1_25' title="bbox 337 3312 1982 3389; baseline -0.001 -14"><span class='ocrx_word' id='word_1_169' title='bbox 337 3313 510 3389; x_wconf 92' lang='lat' dir='ltr'>quod</span> <span class='ocrx_word' id='word_1_170' title='bbox 544 3312 732 3389; x_wconf 82' lang='lat' dir='ltr'>quasi</span> <span class='ocrx_word' id='word_1_171' title='bbox 763 3312 964 3375; x_wconf 92' lang='lat' dir='ltr'>tertia</span> <span class='ocrx_word' id='word_1_172' title='bbox 997 3312 1084 3375; x_wconf 91' lang='lat' dir='ltr'>sit</span> <span class='ocrx_word' id='word_1_173' title='bbox 1115 3333 1392 3376; x_wconf 91' lang='lat' dir='ltr'>numero</span> <span class='ocrx_word' id='word_1_174' title='bbox 1421 3318 1666 3375; x_wconf 87' lang='lat' dir='ltr'>natura</span> <span class='ocrx_word' id='word_1_175' title='bbox 1698 3319 1982 3389; x_wconf 87' lang='lat' dir='ltr'>reperta.</span> 
     </span>
    </p>
   </div>
   <div class='ocr_carea' id='block_1_7' title="bbox 337 3420 2295 3500">
    <p class='ocr_par' dir='ltr' id='par_1_16' title="bbox 337 3420 2295 3500">
     <span class='ocr_line' id='line_1_26' title="bbox 337 3420 2295 3500; baseline -0.001 -17"><span class='ocrx_word' id='word_1_176' title='bbox 337 3442 489 3484; x_wconf 77' lang='lat' dir='ltr'>nam</span> <span class='ocrx_word' id='word_1_177' title='bbox 522 3423 979 3500; x_wconf 91' lang='lat' dir='ltr'>quodcumque</span> <span class='ocrx_word' id='word_1_178' title='bbox 1012 3422 1158 3499; x_wconf 91' lang='lat' dir='ltr'>erit,</span> <span class='ocrx_word' id='word_1_179' title='bbox 1194 3443 1328 3485; x_wconf 86' lang='lat' dir='ltr'>esse</span> <span class='ocrx_word' id='word_1_180' title='bbox 1361 3422 1615 3499; x_wconf 92' lang='lat' dir='ltr'>aliquid</span> <span class='ocrx_word' id='word_1_181' title='bbox 1648 3421 1909 3484; x_wconf 92' lang='lat' dir='ltr'>debebit</span> <span class='ocrx_word' id='word_1_182' title='bbox 1941 3421 2012 3483; x_wconf 94' lang='lat' dir='ltr'>id</span> <span class='ocrx_word' id='word_1_183' title='bbox 2042 3420 2295 3499; x_wconf 82' lang='lat' dir='ltr'>ipsum3</span> 
     </span>
    </p>
   </div>
   <div class='ocr_carea' id='block_1_8' title="bbox 337 3530 2179 4049">
    <p class='ocr_par' dir='ltr' id='par_1_17' title="bbox 337 3530 2179 3938">
     <span class='ocr_line' id='line_1_27' title="bbox 338 3530 1929 3609; baseline -0.001 -16"><span class='ocrx_word' id='word_1_184' title='bbox 338 3532 443 3593; x_wconf 92' lang='lat' dir='ltr'>cui</span> <span class='ocrx_word' id='word_1_185' title='bbox 472 3531 529 3593; x_wconf 89' lang='lat' dir='ltr'>si</span> <span class='ocrx_word' id='word_1_186' title='bbox 560 3538 782 3594; x_wconf 88' lang='lat' dir='ltr'>tactus</span> <span class='ocrx_word' id='word_1_187' title='bbox 812 3530 939 3594; x_wconf 91' lang='lat' dir='ltr'>erit</span> <span class='ocrx_word' id='word_1_188' title='bbox 971 3532 1277 3609; x_wconf 90' lang='lat' dir='ltr'>quamuis</span> <span class='ocrx_word' id='word_1_189' title='bbox 1306 3531 1474 3594; x_wconf 91' lang='lat' dir='ltr'>leuis</span> <span class='ocrx_word' id='word_1_190' title='bbox 1506 3531 1929 3608; x_wconf 86' lang='lat' dir='ltr'>exiguusque,</span> 
     </span>
     <span class='ocr_line' id='line_1_28' title="bbox 339 3639 2090 3719; baseline -0.001 -15"><span class='ocrx_word' id='word_1_191' title='bbox 339 3641 644 3719; x_wconf 86' lang='lat' dir='ltr'>augmine</span> <span class='ocrx_word' id='word_1_192' title='bbox 673 3642 778 3704; x_wconf 87' lang='lat' dir='ltr'>vel</span> <span class='ocrx_word' id='word_1_193' title='bbox 810 3641 1050 3718; x_wconf 85' lang='lat' dir='ltr'>grandi</span> <span class='ocrx_word' id='word_1_194' title='bbox 1080 3642 1185 3704; x_wconf 87' lang='lat' dir='ltr'>vel</span> <span class='ocrx_word' id='word_1_195' title='bbox 1217 3661 1430 3718; x_wconf 94' lang='lat' dir='ltr'>paruo</span> <span class='ocrx_word' id='word_1_196' title='bbox 1459 3640 1762 3717; x_wconf 92' lang='lat' dir='ltr'>denique,</span> <span class='ocrx_word' id='word_1_197' title='bbox 1796 3641 1955 3702; x_wconf 92' lang='lat' dir='ltr'>dum</span> <span class='ocrx_word' id='word_1_198' title='bbox 1985 3639 2090 3717; x_wconf 91' lang='lat' dir='ltr'>sit,</span> 
     </span>
     <span class='ocr_line' id='line_1_29' title="bbox 338 3750 2179 3829; baseline -0.002 -16"><span class='ocrx_word' id='word_1_199' title='bbox 338 3750 632 3829; x_wconf 91' lang='lat' dir='ltr'>corporis</span> <span class='ocrx_word' id='word_1_200' title='bbox 669 3750 937 3828; x_wconf 85' lang='lat' dir='ltr'>augebit</span> <span class='ocrx_word' id='word_1_201' title='bbox 975 3771 1324 3813; x_wconf 92' lang='lat' dir='ltr'>numerum</span> <span class='ocrx_word' id='word_1_202' title='bbox 1363 3770 1813 3827; x_wconf 89' lang='lat' dir='ltr'>summamque</span> <span class='ocrx_word' id='word_1_203' title='bbox 1851 3756 2179 3827; x_wconf 88' lang='lat' dir='ltr'>sequetur.</span> 
     </span>
     <span class='ocr_line' id='line_1_30' title="bbox 337 3859 1959 3938; baseline -0.001 -16"><span class='ocrx_word' id='word_1_204' title='bbox 337 3861 438 3923; x_wconf 89' lang='lat' dir='ltr'>sin</span> <span class='ocrx_word' id='word_1_205' title='bbox 472 3860 772 3923; x_wconf 93' lang='lat' dir='ltr'>intactile</span> <span class='ocrx_word' id='word_1_206' title='bbox 806 3860 952 3937; x_wconf 87' lang='lat' dir='ltr'>erit,</span> <span class='ocrx_word' id='word_1_207' title='bbox 987 3861 1173 3923; x_wconf 88' lang='lat' dir='ltr'>nulla</span> <span class='ocrx_word' id='word_1_208' title='bbox 1206 3860 1287 3923; x_wconf 92' lang='lat' dir='ltr'>de</span> <span class='ocrx_word' id='word_1_209' title='bbox 1321 3866 1512 3938; x_wconf 92' lang='lat' dir='ltr'>parte</span> <span class='ocrx_word' id='word_1_210' title='bbox 1544 3860 1722 3936; x_wconf 92' lang='lat' dir='ltr'>quod</span> <span class='ocrx_word' id='word_1_211' title='bbox 1754 3859 1959 3921; x_wconf 92' lang='lat' dir='ltr'>ullam</span> 
     </span>
    </p>

    <p class='ocr_par' dir='ltr' id='par_1_18' title="bbox 338 3968 2033 4049">
     <span class='ocr_line' id='line_1_31' title="bbox 338 3968 2033 4049; baseline -0.001 -18"><span class='ocrx_word' id='word_1_212' title='bbox 338 3991 474 4032; x_wconf 93' lang='lat' dir='ltr'>rem</span> <span class='ocrx_word' id='word_1_213' title='bbox 509 3970 856 4049; x_wconf 90' lang='lat' dir='ltr'>prohibere</span> <span class='ocrx_word' id='word_1_214' title='bbox 890 3976 1090 4047; x_wconf 88' lang='lat' dir='ltr'>queat</span> <span class='ocrx_word' id='word_1_215' title='bbox 1121 3990 1240 4047; x_wconf 89' lang='lat' dir='ltr'>per</span> <span class='ocrx_word' id='word_1_216' title='bbox 1273 3990 1338 4032; x_wconf 91' lang='lat' dir='ltr'>se</span> <span class='ocrx_word' id='word_1_217' title='bbox 1369 3968 1656 4031; x_wconf 91' lang='lat' dir='ltr'>transire</span> <span class='ocrx_word' id='word_1_218' title='bbox 1690 3975 2033 4045; x_wconf 87' lang='lat' dir='ltr'>meantem,</span> 
     </span>
    </p>
   </div>
   <div class='ocr_carea' id='block_1_9' title="bbox 355 4100 1461 4221">
    <p class='ocr_par' dir='ltr' id='par_1_19' title="bbox 355 4100 1461 4221">
     <span class='ocr_line' id='line_1_32' title="bbox 355 4100 1461 4221; baseline -0.001 -69"><span class='ocrx_word' id='word_1_219' title='bbox 355 4103 456 4152; x_wconf 89' lang='lat'>411</span> <span class='ocrx_word' id='word_1_220' title='bbox 477 4105 657 4167; x_wconf 90' lang='lat' dir='ltr'>ptano</span> <span class='ocrx_word' id='word_1_221' title='bbox 728 4100 863 4163; x_wconf 77' lang='lat' dir='ltr'>fort.</span> <span class='ocrx_word' id='word_1_222' title='bbox 896 4101 1064 4165; x_wconf 91' lang='lat' dir='ltr'>pleno</span> <span class='ocrx_word' id='word_1_223' title='bbox 1347 4168 1461 4221; x_wconf 86' lang='lat'>[15]</span> 
     </span>
    </p>
   </div>
   <div class='ocr_carea' id='block_1_10' title="bbox 2544 1033 2648 1083">
    <p class='ocr_par' dir='ltr' id='par_1_20' title="bbox 2544 1033 2648 1083">
     <span class='ocr_line' id='line_1_33' title="bbox 2544 1033 2648 1083; baseline 0.019 -2"><span class='ocrx_word' id='word_1_224' title='bbox 2544 1033 2648 1083; x_wconf 88' lang='lat'>415</span> 
     </span>
    </p>
   </div>
   <div class='ocr_carea' id='block_1_11' title="bbox 2546 1903 2650 1954">
    <p class='ocr_par' dir='ltr' id='par_1_21' title="bbox 2546 1903 2650 1954">
     <span class='ocr_line' id='line_1_34' title="bbox 2546 1903 2650 1954; baseline 0.019 -2"><span class='ocrx_word' id='word_1_225' title='bbox 2546 1903 2650 1954; x_wconf 87' lang='lat'>420</span> 
     </span>
    </p>
   </div>
   <div class='ocr_carea' id='block_1_12' title="bbox 2546 2454 2651 2504">
    <p class='ocr_par' dir='ltr' id='par_1_22' title="bbox 2546 2454 2651 2504">
     <span class='ocr_line' id='line_1_35' title="bbox 2546 2454 2651 2504; baseline 0.019 -2"><span class='ocrx_word' id='word_1_226' title='bbox 2546 2454 2651 2504; x_wconf 88' lang='lat'>425</span> 
     </span>
    </p>
   </div>
   <div class='ocr_carea' id='block_1_13' title="bbox 2548 3089 2650 3138">
    <p class='ocr_par' dir='ltr' id='par_1_23' title="bbox 2548 3089 2650 3138">
     <span class='ocr_line' id='line_1_36' title="bbox 2548 3089 2650 3138; baseline 0.01 -1"><span class='ocrx_word' id='word_1_227' title='bbox 2548 3089 2650 3138; x_wconf 88' lang='lat'>430</span> 
     </span>
    </p>
   </div>
   <div class='ocr_carea' id='block_1_14' title="bbox 2547 3528 2652 3686">
    <p class='ocr_par' dir='ltr' id='par_1_24' title="bbox 2547 3528 2652 3686">
     <span class='ocr_line' id='line_1_37' title="bbox 2547 3528 2651 3578; baseline 0.029 -3"><span class='ocrx_word' id='word_1_228' title='bbox 2547 3528 2651 3578; x_wconf 89' lang='lat'>435</span> 
     </span>
     <span class='ocr_line' id='line_1_38' title="bbox 2547 3637 2652 3686; baseline 0 0"><span class='ocrx_word' id='word_1_229' title='bbox 2547 3637 2652 3686; x_wconf 88' lang='lat'>434</span> 
     </span>
    </p>
   </div>
  </div>
 </body>
</html>
