3182 4602
1068 430 1170 479 DE
1206 430 1470 480 RERVM
1506 430 1818 481 NATVRA
1856 431 1944 481 IV

481 643 832 723 perueniat
866 665 1016 722 uox,
1055 666 1351 724 quaeque
1384 652 1705 711 necessest
1739 648 1948 710 uerba
1983 667 2239 725 quoque
2276 646 2421 725 ipsa

481 754 678 832 plane
715 755 1020 819 exaudiri
1058 754 1472 834 discernique
1512 756 1953 834 articulatim3
2694 754 2799 803 555

481 871 705 928 seruat
738 864 912 927 enim
946 865 1388 929 formaturam
1420 873 1773 944 seruatque
1808 866 2109 943 figuram.

482 980 552 1037 at
583 974 641 1037 si
673 974 1140 1053 interpositum
1170 976 1462 1054 spatium
1494 976 1582 1040 sit
1615 976 1877 1054 longius
1910 996 2135 1054 aequo,

482 1104 638 1147 aera
669 1104 788 1162 per
818 1087 1103 1148 multum
1136 1085 1461 1149 confundi
1494 1086 1703 1149 uerba
1733 1092 2053 1149 necessest

483 1201 546 1258 et
580 1194 965 1258 conturbari
997 1215 1241 1272 uocem,
1277 1196 1435 1258 dum
1468 1196 1842 1258 transuolat
1876 1215 2091 1258 auras.

395 1323 640 1382 —ergo
666 1303 762 1382 fit,
793 1304 1082 1368 sonitum
1111 1310 1189 1367 ut
1220 1305 1430 1383 possis
1458 1305 1702 1368 sentire
1733 1325 1942 1383 neque
1973 1305 2157 1367 illam
2695 1302 2798 1353 560

482 1413 940 1491 internoscere,
978 1415 1332 1478 uerborum
1367 1414 1698 1478 sententia
1729 1435 1895 1491 quae
1929 1414 2048 1478 sit:

480 1543 687 1601 usque
720 1525 883 1587 adeo
911 1524 1190 1587 confusa
1220 1524 1406 1588 uenit
1436 1544 1568 1587 uox
1599 1514 1797 1601 inque
1830 1524 2076 1602 pedita.

395 1640 827 1711 —praeterea
856 1634 1134 1697 uerbum
1165 1654 1356 1712 saepe
1391 1655 1599 1697 unum
1632 1633 1881 1712 perciet
1915 1633 2095 1697 auris

484 1743 783 1806 omnibus
815 1743 886 1804 in
918 1744 1182 1821 populo,
1215 1742 1484 1807 missum
1518 1743 1861 1821 praeconis
1894 1744 1974 1806 ab
2010 1762 2138 1807 ore.

482 1852 554 1914 in
583 1853 827 1915 multas
858 1852 1067 1930 igitur
1096 1873 1287 1916 uoces
1315 1872 1447 1915 uox
1477 1874 1615 1917 una
1646 1859 1917 1931 repente
2696 1850 2799 1899 565

484 1962 774 2040 diffugit,
809 1962 881 2024 in
918 1962 1149 2040 priuas
1184 1962 1494 2039 quoniam
1529 1982 1595 2025 se
1635 1962 1880 2025 diuidit
1918 1962 2118 2039 auriS,

483 2072 836 2150 obsignans
870 2072 1153 2135 formam
1186 2072 1407 2135 uerbis
1442 2073 1824 2150 clarumque
1858 2092 2173 2135 sonorem.

483 2188 552 2245 at
587 2202 753 2259 quae
788 2202 944 2259 pars
976 2202 1214 2245 uocum
1245 2202 1378 2245 non
1413 2181 1597 2245 auris
1627 2181 1862 2245 incidit
1897 2182 2092 2259 ipsaS,

483 2292 889 2370 praeterlata
920 2292 1094 2371 perit
1126 2291 1386 2356 frustra
1417 2290 1663 2356 diffusa
1692 2313 1811 2370 per
1842 2313 2057 2356 auras.

484 2422 642 2480 pars
671 2402 897 2465 solidis
931 2403 1143 2467 adlisa
1174 2403 1332 2465 locis
1362 2403 1605 2466 reiecta
1638 2422 1935 2465 sonorem
2696 2400 2797 2450 570

483 2512 705 2575 reddit
735 2519 798 2576 et
827 2512 1164 2575 interdum
1195 2512 1569 2576 frustratur
1601 2512 1885 2589 imagine
1915 2511 2123 2574 uerbi.

1099 2618 1199 2668 DE
1249 2618 1469 2669 VOCIS
1517 2617 1988 2668 IMAGINIBVS

397 2727 651 2784 —quae
682 2708 845 2770 bene
880 2727 1029 2770 cum
1062 2707 1310 2783 uideas,
1347 2707 1671 2770 rationem
1708 2708 1982 2769 reddere
2019 2706 2226 2785 possis

484 2823 627 2879 tute
658 2816 782 2880 tibi
814 2823 1011 2894 atque
1043 2817 1208 2894 aliis,
1243 2836 1375 2894 quo
1404 2821 1601 2894 pacto
1630 2837 1749 2894 per
1779 2817 1921 2878 loca
1952 2817 2087 2879 sola

483 2947 643 2989 saxa
675 2926 858 3004 paris
891 2925 1139 2988 formas
1171 2927 1526 2990 uerborum
1561 2945 1641 2987 ex
1676 2925 1905 2988 ordine
1942 2926 2245 3001 reddant,

483 3036 775 3113 palantis
808 3036 1074 3099 comites
1105 3057 1252 3098 cum
1284 3035 1735 3099 montisinter
1767 3055 2002 3113 opacos
2696 3032 2797 3082 575

484 3146 859 3223 quaerimus
894 3153 957 3208 et
993 3165 1234 3222 magna
1269 3145 1598 3223 dispersos
1633 3166 1791 3208 uoce
1826 3145 2087 3208 ciemuS.

482 3276 596 3318 sex
627 3255 823 3320 etiam
855 3261 971 3318 aut
1001 3262 1252 3333 septem
1282 3256 1424 3318 loca
1455 3255 1599 3318 uidi
1631 3256 1906 3318 reddere
1938 3253 2137 3331 uocis,

482 3385 685 3427 unam
717 3386 864 3428 cum
895 3364 1172 3427 iaceres:
1207 3365 1303 3428 ita
1333 3365 1526 3427 colles
1557 3365 1832 3427 collibus
1864 3364 1994 3442 ipsi

482 3476 686 3538 uerba
721 3476 1137 3552 repulsantes
1172 3474 1504 3538 iterabant
1542 3475 1722 3537 dicta
1757 3473 2019 3537 referri.

452 3585 643 3661 (haec
675 3586 817 3648 loca
848 3585 1234 3662 capripedes
1268 3590 1526 3660 satyros
1557 3585 2012 3661 nymphasque
2046 3589 2271 3646 tenere
2694 3581 2794 3631 580

478 3694 744 3756 finitimi
779 3694 1042 3771 fingunt
1079 3701 1144 3756 et
1182 3693 1422 3756 faunos
1459 3715 1594 3757 esse
1629 3695 1942 3756 locuntur

481 3824 759 3882 quorum
796 3803 1148 3881 noctiuago
1181 3803 1468 3881 strepitu
1503 3804 1787 3879 ludeque
1823 3801 2068 3865 iocanti

480 3913 835 3976 adfirmant
870 3915 1066 3991 uOlgo
1099 3913 1436 3976 taciturna
1472 3911 1737 3975 silentia
1771 3910 1993 3989 rumpi

505 4045 606 4094 567
627 4045 773 4106 vuly.
805 4045 960 4095 verbi

506 4113 608 4162 579
628 4113 773 4174 vulg.
806 4113 969 4163 docta

1491 4203 1638 4253 [138]
