3182 4602
1102 389 1204 440 DE
1241 388 1504 440 RERVM
1539 388 1851 438 NATVBA
1896 389 1943 438 V

499 603 718 668 omnia
747 605 922 682 quod
952 624 1128 668 noua
1158 611 1302 666 tum
1333 603 1544 681 magis
1571 604 1731 668 haec
1763 612 1827 667 et
1860 602 2033 667 mira
2059 602 2395 681 uigebant.

413 720 563 775 ——et
596 713 1033 792 uigilantibus
1063 713 1217 775 hinc
1250 714 1530 776 aderant
1562 713 1803 777 solacia
1834 733 2059 776 somno

502 824 738 886 ducere
775 823 1182 885 multimodis
1216 843 1408 885 uoces
1443 829 1509 886 et
1544 822 1804 886 flectere
1841 828 2075 886 cantus

499 939 565 995 et
597 952 840 1010 supera
873 934 1154 996 calamos
1188 953 1361 995 unco
1395 951 1781 1011 percurrere
1816 933 2020 994 labr0.

413 1042 676 1105 ——unde
711 1041 910 1105 etiam
941 1041 1178 1119 uigiles
1209 1062 1388 1104 nunc
1422 1042 1580 1104 haec
1616 1048 1885 1120 accepta
1918 1047 2195 1104 tuentur

500 1159 564 1215 et
597 1172 946 1214 numerum
977 1171 1244 1215 seruare
1278 1171 1485 1229 genus
1519 1151 1828 1227 didicere,
1865 1171 2075 1228 neque
2107 1150 2247 1213 hilo

502 1261 814 1324 maiorem
852 1260 1106 1323 interea
1143 1260 1417 1338 capiunt
1452 1260 1821 1323 dulcedini'
1862 1260 2160 1323 fructum

500 1391 698 1447 quam
730 1370 1032 1433 siluestre
1068 1391 1275 1449 genus
1308 1370 1610 1449 capiebat
1643 1370 2149 1449 terrigenarum.

469 1479 656 1555 (nam
687 1480 863 1556 quod
896 1480 1081 1543 adest
1114 1486 1395 1557 praesto,
1430 1479 1560 1543 nisi
1594 1480 1754 1557 quid
1792 1479 2221 1558 cognouimus
2252 1486 2405 1542 ante

501 1587 792 1664 suauius,
829 1588 900 1649 in
934 1588 1168 1666 primis
1200 1589 1414 1666 placet
1449 1595 1513 1650 et
1549 1590 1795 1667 pollere
1828 1589 2119 1665 uidetur,

503 1697 954 1776 posteriorque
985 1697 1126 1761 fere
1157 1698 1387 1761 melior
1419 1718 1523 1762 res
1555 1698 1672 1761 illa
1704 1705 1971 1776 reperta

501 1806 723 1884 perdit
751 1812 815 1869 et
843 1807 1150 1870 immutat
1179 1827 1407 1869 sensus
1436 1808 1519 1870 ad
1551 1807 1839 1886 pristina
1868 1808 2217 1885 quaeque.)

501 1916 593 1978 sic
629 1916 852 1978 odium
885 1916 1100 1994 coepit
1134 1916 1413 1994 glandiS‚
1448 1916 1539 1979 sic
1572 1917 1691 1979 illa
1722 1917 1954 1979 relicta

501 2032 713 2088 strata
746 2025 990 2087 cubilia
1021 2032 1177 2087 sunt
1210 2025 1430 2088 herbis
1463 2032 1528 2087 et
1562 2025 1915 2088 frondibus
1949 2033 2164 2089 aucta.

417 2135 694 2212 —pellis
729 2134 885 2197 item
921 2134 1156 2197 cecidit
1189 2135 1394 2198 uestis
1427 2142 1804 2213 contempta
1839 2134 2130 2212 ferinae3

503 2264 700 2322 quam
735 2263 882 2307 reor
916 2244 1332 2308 inuidia-tali
1367 2252 1528 2308 tunc
1563 2264 1697 2307 esse
1732 2251 2084 2323 repertam,

501 2362 579 2417 ut
609 2356 815 2417 letum
844 2354 1104 2417 insidiis
1135 2355 1250 2432 qui
1281 2355 1478 2432 gessit
1510 2354 1769 2432 primus
1799 2355 2028 2431 obiret,

503 2472 566 2527 et
599 2471 821 2527 tamen
854 2464 1029 2525 inter
1062 2483 1168 2527 eos
1203 2464 1589 2527 distractam
1623 2464 1945 2543 sanguine
1978 2466 2190 2527 multo

503 2573 877 2651 disperiisse
913 2594 1121 2651 neque
1156 2573 1226 2634 in
1262 2572 1559 2636 fructum
1593 2581 1977 2637 conuertere
2011 2574 2246 2651 quisse.

505 2688 663 2746 tunc
697 2683 906 2761 igitur
939 2684 1157 2760 pelleS‚
1194 2703 1370 2745 nunc
1401 2703 1641 2746 aurum
1672 2690 1736 2745 et
1771 2703 2076 2760 purpura
2109 2683 2287 2746 curis

505 2800 843 2856 excercent
880 2792 1219 2855 hominum
1256 2792 1466 2854 uitam
1502 2793 1801 2869 belloque
1839 2791 2167 2869 fatigant3

505 2923 635 2979 quo
663 2903 871 2979 magis
902 2902 971 2962 in
1002 2902 1206 2978 nobis,
1238 2909 1314 2964 ut
1347 2902 1601 2979 opinor,
1635 2903 1833 2978 culpa
1862 2902 2125 2964 resedit.

502 3012 725 3089 frigus
759 3012 931 3074 enim
965 3013 1176 3075 nudos
1211 3011 1350 3074 sine
1385 3011 1671 3089 pellibus
1703 3011 2123 3074 excruciabat

503 3120 905 3197 terrigenas3
942 3127 1010 3183 at
1045 3141 1163 3182 nos
1197 3121 1294 3181 nil
1325 3121 1530 3183 laedit
1563 3126 1745 3182 ueste
1782 3140 2003 3182 carere

506 3250 848 3307 purpurea
884 3236 1079 3306 atque
1118 3250 1282 3292 auro
1315 3229 1649 3307 signisque
1687 3229 2068 3307 ingentibus
2105 3236 2283 3306 apta,

506 3340 665 3401 dum
698 3338 952 3416 plebeia
982 3345 1203 3401 tamen
1234 3338 1320 3401 sit
1354 3360 1519 3416 quae
1553 3337 1910 3401 defendere
1945 3337 2169 3416 possit.

420 3468 664 3526 —ergo
693 3447 1031 3511 hominum
1065 3468 1270 3525 genus
1303 3448 1374 3509 in
1407 3468 1661 3511 cassum
1694 3447 2081 3526 frustraque
2115 3449 2373 3511 laborat

505 3578 760 3635 semper
797 3565 861 3621 et
904 3557 1125 3629 <in>
1170 3558 1346 3619 curis
1383 3557 1706 3620 consumit
1744 3556 2055 3620 inanibus
2091 3578 2340 3635 aeuom,

506 3667 821 3729 nimirum
855 3667 1013 3743 quia
1043 3687 1177 3729 non
1212 3666 1519 3745 cognouit
1552 3688 1720 3744 quae
1753 3666 1840 3729 sit
1871 3665 2158 3729 habendi

505 3776 658 3839 finis
695 3784 758 3840 et
795 3775 1057 3839 omnino
1094 3776 1311 3853 quoad
1349 3782 1598 3838 crescat
1632 3795 1794 3839 uera
1830 3776 2161 3853 uoluptas,

494 3908 629 3957 1409
651 3908 747 3956 aliz·
777 3908 890 3956 alia

497 3976 630 4024 1428
653 3976 786 4037 fort.
818 3974 1162 4024 exstantibus

1496 4158 1644 4209 [212]

2679 708 2821 758 1405

2680 1257 2818 1305 1410

2680 1805 2820 1854 1415

2684 2352 2819 2401 1420

2582 2920 2584 2923 ⁴
2682 2900 2817 2949 1425

2682 3447 2813 3497 1430
