3182 4602
1117 341 1219 391 DE
1255 341 1519 392 RERVM
1554 341 1863 392 NATVBA
1905 343 1938 392 I

1346 569 1448 620 DE
1484 569 1749 621 ANIMA

482 656 835 734 ignoratur
873 657 1048 721 enim
1087 678 1254 737 quae
1291 658 1379 721 sit
1416 665 1666 722 natura
1704 658 1969 736 animai,

484 774 646 830 nata
675 767 764 830 sit
796 788 885 831 an
916 774 1148 832 contra
1179 769 1603 832 nascentibus
1637 769 2034 846 insinuetur,

484 882 558 940 et
579 877 778 940 simul
807 877 1092 941 intereat
1120 878 1460 942 nobiscum
1490 886 1700 943 morte
1728 879 2082 957 dirempta,

484 1006 572 1049 an
598 988 904 1050 tenebras
936 987 1090 1051 Orci
1121 987 1298 1051 uisat
1328 983 1683 1066 uastasque
1713 989 2004 1065 lacunas,
2696 986 2799 1036 115

484 1115 569 1158 an
605 1097 886 1174 pecudes
919 1096 1084 1160 alias
1115 1096 1446 1161 diuinitus
1475 1097 1769 1162 insinuet
1802 1118 1889 1175 se,

397 1203 749 1269 -—‘Ennius
775 1212 853 1269 ut
883 1213 1106 1270 noster
1136 1207 1374 1270 cecinit
1406 1207 1520 1285 qui
1554 1208 1811 1286 primus
1843 1227 2114 1271 amoeno

390 1291 398 1298 ⁶
482 1315 724 1378 detulit
757 1337 837 1380 ex
869 1316 1185 1381 Helicone
1218 1317 1496 1396 perenni
1528 1316 1770 1379 fronde
1803 1337 2129 1394 coronam,

481 1445 601 1502 per
629 1425 845 1504 gentis
873 1426 1080 1489 Italas
1104 1427 1444 1489 hominum
1473 1447 1642 1505 quae
1672 1428 1853 1491 clara
1882 1428 2149 1491 clueret.

491 1535 648 1610 (etsi
677 1541 1022 1614 praeterea
1050 1541 1272 1598 tamen
1302 1557 1438 1600 esse
1469 1536 1839 1600 Acherusia
1868 1537 2117 1615 templa
2695 1533 2795 1584 120

482 1644 743 1708 Ennius
772 1645 1059 1708 aeternis
1087 1645 1359 1723 exponit
1385 1646 1691 1709 uersibus
1720 1647 1935 1724 edens,

481 1774 611 1831 quo
640 1774 853 1831 neque
888 1763 1321 1833 permaneant
1356 1755 1615 1820 animae
1650 1776 1861 1833 neque
1897 1775 2175 1834 corpora
2207 1761 2456 1833 nostra,

479 1864 594 1926 sed
629 1865 952 1941 quaedam
986 1865 1340 1928 simulacra
1375 1866 1587 1928 modis
1622 1866 1943 1945 pallentia
1979 1865 2199 1943 miris;

479 1975 654 2038 unde
687 1973 812 2036 sibi
847 1981 1142 2038 exortam
1175 1995 1431 2054 semper
1464 1975 1761 2038 florentis
1794 1975 2068 2039 Homeri

480 2090 939 2148 commemorat
977 2085 1257 2164 speciem
1294 2084 1601 2148 lacrimas
1642 2086 1982 2149 effundere
2020 2087 2223 2149 salsas
2692 2083 2793 2134 125

479 2193 762 2272 coepisse
797 2200 862 2257 et
897 2215 1121 2257 rerum
1152 2202 1466 2258 naturam
1500 2196 1875 2273 expandere
1912 2195 2159 2273 dictis.)

605 2390 1029 2468 Quapropter
1057 2391 1221 2455 bene
1251 2412 1402 2454 cum
1428 2391 1687 2469 superis
1718 2392 1799 2455 de
1828 2393 2023 2455 rebus
2050 2391 2354 2455 habenda

477 2498 664 2561 nobis
689 2504 787 2561 est
816 2499 1007 2577 ratio,
1037 2500 1192 2563 solis
1219 2501 1545 2578 lunaeque
1575 2507 1832 2564 meatus

478 2628 608 2685 qua
635 2608 801 2671 fiant
829 2609 1107 2686 ratione,
1139 2616 1203 2674 et
1234 2631 1366 2687 qua
1393 2609 1465 2672 ui
1495 2630 1790 2687 quaeque
1821 2616 2142 2688 gerantur

477 2716 547 2778 in
574 2718 790 2795 terriS,
820 2724 966 2782 tum
995 2739 1144 2782 cum
1171 2719 1409 2797 primis
1436 2720 1693 2782 ratione
1723 2719 1943 2798 sagaci
2689 2719 2789 2769 130

476 2828 651 2891 unde
683 2827 905 2891 anima
937 2834 1135 2906 atque
1168 2828 1374 2892 animi
1405 2836 1659 2893 constet
1690 2836 1936 2893 natura
1966 2828 2351 2908 uidendum,

476 2941 540 2998 et
571 2957 739 3014 quae
772 2957 876 2999 res
905 2937 1094 3001 nobis
1124 2938 1563 3016 uigilantibus
1593 2938 1789 3002 obuia
1821 2945 2071 3002 mentes

475 3046 789 3110 terrificet
821 3049 1049 3112 morbo
1082 3047 1366 3111 adfectis
1398 3068 1752 3126 somnoque
1784 3048 2083 3126 sepultis,

476 3175 737 3219 cernere
763 3155 872 3219 'uti
901 3156 1250 3220 uideamur
1281 3177 1388 3219 eos
1418 3157 1779 3235 audireque
1810 3178 2048 3235 coram,

474 3271 680 3329 morte
712 3264 892 3329 obita
921 3285 1202 3344 quorum
1231 3267 1429 3329 tellus
1461 3266 1886 3344 amplectitur
1918 3286 2078 3331 ossa.
2687 3268 2788 3317 135

609 3459 775 3536 (Nec
808 3481 910 3524 me
944 3459 1147 3523 animi
1182 3459 1364 3524 fallit
1400 3460 1754 3525 Graiorum
1790 3462 2066 3526 obscura
2099 3468 2365 3541 reperta

473 3566 732 3631 difficile
765 3568 1125 3632 inlustrare
1157 3570 1417 3633 Latinis
1448 3570 1753 3634 uersibus
1786 3591 1919 3633 esse

391 3677 682 3741 —multa
709 3678 905 3741 nouis
933 3678 1158 3742 uerbis
1186 3664 1577 3757 praesertim
1609 3700 1759 3743 cum
1789 3680 1875 3743 sit
1907 3680 2324 3758 agendum—

475 3793 746 3865 propter
775 3793 1129 3866 egestatem
1157 3789 1424 3867 linguae
1452 3795 1518 3852 et
1548 3810 1773 3852 rerum
1800 3790 2201 3867 nouitatem;

497 3925 594 3974 122
614 3926 713 3976 alii
739 3926 854 3977 alia

497 4010 595 4059 126
615 4012 749 4073 fort.
782 4012 1034 4077 pandere

1494 4150 1575 4202 [5]
