3182 4602
1145 453 1248 504 DE
1284 453 1548 503 RERVM
1585 453 1895 504 NATVRA
1934 453 2001 503 11

540 798 690 841 cum
720 777 959 857 quibus
990 785 1054 842 et
1085 779 1267 857 quali
1299 778 1601 857 positura
1629 778 2098 841 contineant-ur

541 895 605 951 et
637 908 800 965 quos
828 888 1003 950 inter
1033 908 1098 951 se
1129 889 1288 951 dent
1318 896 1534 951 motus
1563 888 2045 967 accipiantque,

539 1018 706 1061 neue
737 1004 932 1077 putes
961 1005 1230 1063 aeterna
1260 1018 1460 1078 penes
1486 997 1773 1061 residere
1805 1004 2057 1076 potesse
2724 991 2853 1041 1010

541 1128 820 1186 corpora
849 1108 1068 1186 prima
1099 1109 1274 1186 quod
1306 1108 1376 1170 in
1407 1107 1679 1171 summis
1710 1107 1973 1171 fluitare
2004 1106 2307 1170 uidemus

541 1218 739 1281 rebus
767 1224 833 1281 et
861 1218 1197 1282 interdum
1228 1217 1410 1281 nasci
1439 1217 1787 1293 subitoque
1816 1216 2055 1294 perire.

543 1326 708 1405 quin
738 1327 936 1389 etiam
968 1326 1179 1390 refert
1210 1327 1456 1390 nostris
1486 1325 1558 1387 in
1589 1326 1892 1389 uersibus
1926 1326 2089 1405 ipsis

541 1457 690 1499 cum
719 1437 959 1515 quibus
986 1444 1050 1500 et
1080 1437 1260 1514 quali
1289 1436 1423 1500 sint
1452 1437 1684 1500 ordine
1714 1457 2009 1514 quaeque
2036 1437 2268 1499 locata.

540 1567 823 1624 namque
855 1548 1080 1610 eadem
1111 1548 1364 1610 caelum
1394 1567 1572 1610 mare
1605 1554 1819 1610 terras
1851 1545 2125 1609 flumina
2156 1547 2355 1608 solem
2722 1540 2853 1590 1015

540 1655 937 1734 significant,
973 1657 1196 1720 eadem
1231 1656 1460 1734 fruges
1495 1656 1769 1719 arbusta
1802 1655 2193 1732 animantis3

542 1765 599 1828 si
631 1785 766 1828 non
795 1765 1014 1829 omnia
1045 1772 1220 1841 sunt,
1255 1773 1324 1828 at
1355 1766 1564 1828 multo
1594 1765 1881 1828 maxima
1913 1785 2071 1843 pars
2104 1771 2201 1827 est

542 1875 916 1952 consimilis,
955 1895 1190 1938 uerum
1225 1875 1526 1953 positura
1564 1874 2001 1952 discrepitant
2040 1894 2161 1937 res,

542 1984 634 2048 sic
665 1985 829 2063 ipsis
857 1985 930 2047 in
959 1987 1156 2048 rebus
1185 1985 1341 2047 item
1372 1984 1504 2047 iam
1533 1984 1837 2047 materiai
3146 1953 3157 2054 Ι

515 2094 897 2172 [intervalla
929 2094 1074 2157 uias
1108 2114 1393 2157 conexus
1423 2095 1719 2172 pondera
1753 2093 2047 2173 plagaes]
2724 2088 2855 2138 1020

543 2224 900 2267 concursus
930 2211 1147 2266 motus
1179 2204 1343 2266 ordo
1375 2203 1677 2282 positura
1709 2202 1961 2280 figurae

543 2334 692 2377 cum
725 2321 1212 2392 permutantur,
1245 2314 1494 2376 mutari
1525 2334 1630 2376 res
1661 2333 1918 2391 quoque
1952 2313 2209 2376 debent.
3149 2345 3160 2698 ¹

538 675 618 731 ut
647 688 875 731 noscas
907 668 1158 731 referre
1191 670 1415 733 eadem
1451 668 1817 749 primordia
1849 688 2073 731 rerum

681 2677 906 2754 (Nunc
941 2677 1232 2741 animum
1267 2677 1454 2739 nobis
1489 2676 1727 2740 adhibe
1760 2697 1989 2740 ueram
2022 2677 2108 2740 ad
2143 2677 2485 2740 rationem.

545 2807 699 2850 nam
729 2787 851 2849 tibi
881 2794 1216 2850 uementer
1248 2806 1424 2850 noua
1453 2806 1556 2850 res
1585 2787 1859 2849 molitur
1888 2788 1975 2850 ad
2006 2786 2187 2850 auris
3156 2743 3160 2840 1

545 2897 850 2960 accedere
881 2902 945 2960 et
977 2917 1151 2960 noua
1179 2917 1246 2961 se
1277 2897 1523 2975 species
1554 2897 1896 2960 ostendere
1927 2917 2169 2960 rerum.
2724 2892 2856 2942 1025

460 3007 656 3068 —sed
692 3027 901 3083 neque
933 3014 1070 3069 tam
1104 3006 1324 3083 facilis
1353 3027 1459 3070 res
1489 3008 1630 3070 11118
1662 3014 1759 3069 est
1791 3006 1954 3084 quin
1988 3027 2063 3070 ea
2097 3005 2386 3085 primum

545 3115 827 3178 difficilis
859 3116 1066 3193 magis
1100 3117 1184 3179 ad
1217 3117 1619 3179 credendum
1652 3122 1922 3192 constet,
1956 3116 2242 3194 itemque

543 3225 641 3287 nil
673 3226 837 3288 adeo
864 3246 1175 3303 magnum
1207 3246 1417 3302 neque
1447 3233 1584 3289 tam
1617 3226 1917 3289 mirabile
1948 3225 2319 3304 quicquam,

545 3336 720 3412 quod
751 3355 883 3396 non
915 3334 1239 3412 paulatim
1270 3335 1575 3398 minuant
1607 3334 1933 3398 miraliter
1966 3355 2203 3398 omnes,
2431 3379 2437 3384 -
3154 3295 3156 3371 1

1347 3440 1513 3500 <DE
1555 3440 1860 3500 COELO>

543 3529 878 3607 principio
909 3529 1071 3592 caeli
1103 3531 1355 3592 clarum
1387 3551 1762 3608 purumque
1795 3531 2093 3606 colorem,
2721 3525 2850 3575 1030
3152 3473 3155 3644 ι

545 3659 840 3716 quaeque
872 3638 941 3700 in
972 3659 1038 3702 se
1070 3639 1344 3715 cohibet,
1378 3639 1680 3717 palantia
1710 3639 1929 3702 sidera
1960 3637 2223 3717 passim,

544 3750 900 3825 lunamque
933 3756 997 3812 et
1031 3749 1183 3811 solis
1216 3750 1558 3826 praeclara
1591 3750 1736 3812 luce
1769 3749 2071 3825 nitorem,

458 3857 765 3922 —omnia
793 3878 958 3935 quae
987 3879 1165 3920 nunc
1194 3858 1249 3920 si
1280 3858 1569 3936 primum
1598 3857 1987 3920 mortalibus
2020 3864 2252 3934 essent,

515 3968 628 4043 (ex
654 3967 993 4044 inproviso
1018 3967 1073 4029 si
1102 3966 1237 4030 sint
1265 3967 1517 4030 obiecta
1543 3967 1847 4045 repente)

535 4098 669 4146 1029
688 4099 834 4159 υαῖρ.
868 4099 1108 4148 mittant
1141 4098 1401 4148 mirarier

535 4166 669 4214 1033
691 4166 834 4226 vuly.
866 4169 1053 4215 extent
1553 4232 1667 4283 [74]
