3182 4602
1135 340 1195 391 Τ.
1233 341 1559 392 LVCBETI
1596 342 1774 393 CARI

392 553 569 616 ludit
602 554 770 618 lacte
800 576 978 618 mero
1009 564 1262 619 mentes
1292 558 1599 635 perculsa
1628 559 1942 622 nouellaS.

306 663 574 726 —haud
608 663 820 742 igitur
854 665 1122 743 penitus
1158 673 1442 743 pereunt
1477 687 1925 745 quaecumque
1960 668 2300 745 uidentur,

393 774 660 850 quando
691 774 811 838 alit
843 796 922 838 ex
954 775 1086 838 alio
1114 775 1326 838 reficit
1355 783 1603 840 natura
1632 797 1751 840 nec
1783 777 1989 840 ullam

393 902 533 945 rem
567 883 752 962 gigni
787 884 1046 962 patitur
1079 884 1209 947 nisi
1243 893 1451 949 morte
1488 861 1720 950 adiuta
1757 886 1990 950 aliena.

518 1077 712 1140 Nunc
746 1098 884 1156 age,
919 1099 1023 1140 res
1057 1079 1367 1156 quoniam
1399 1080 1595 1142 docui
1630 1101 1763 1142 non
1798 1100 1985 1158 posse
2020 1080 2231 1144 creari

394 1187 474 1250 de
504 1187 716 1249 nihilo
743 1209 954 1265 neque
987 1188 1143 1250 item
1174 1189 1431 1266 genitas
1464 1191 1546 1253 ad
1581 1190 1679 1251 nil
1711 1189 2029 1267 reuocari,

391 1316 608 1374 nequa
640 1296 815 1361 forte
847 1303 1068 1361 tamen
1104 1306 1362 1377 coeptes
1396 1299 1691 1364 diffidere
1726 1299 1940 1376 dictis,

393 1406 567 1484 quod
602 1414 940 1484 nequeunt
975 1408 1179 1471 oculis
1213 1429 1436 1472 rerum
1468 1408 1837 1486 primordia
1872 1409 2072 1486 cerni,

807 1513 1151 1564 CORPORA
1194 1515 1400 1579 QVAE
1443 1515 1605 1566 NON
1647 1516 2101 1566 VIDEANTVR

393 1601 615 1679 accipe
649 1608 993 1679 praeterea
1023 1623 1190 1680 quae
1222 1624 1499 1682 corpora
1532 1610 1677 1667 tute
1709 1610 2027 1668 necessest

392 1711 742 1774 confiteare
775 1732 908 1775 esse
941 1712 1011 1773 in
1044 1715 1240 1776 rebus
1270 1734 1388 1776 nec
1420 1734 1605 1792 posse
1637 1714 1874 1777 uideri.

306 1820 727 1899 —principio
757 1822 944 1884 uenti
976 1823 1080 1885 uis
1114 1825 1422 1886 uerberat
1458 1823 1665 1887 incita
1698 1823 1940 1886 fluctus

391 1930 808 2008 ingentisque
841 1931 979 1994 ruit
1011 1932 1206 1995 nauis
1235 1939 1300 1995 et
1330 1932 1560 1996 nubila
1593 1933 1838 2010 differt,

391 2040 728 2103 interdum
763 2041 1000 2120 rapido
1034 2062 1430 2120 percurrens
1465 2043 1732 2105 turbine
1767 2063 2031 2121 campos

392 2151 737 2214 arboribus
776 2151 1035 2229 magnis
1073 2151 1310 2214 sternit
1351 2152 1722 2229 montisque
1764 2173 2102 2230 supremos

392 2260 762 2339 siluifragis
795 2267 994 2325 uexat
1027 2261 1285 2325 flabris:
1323 2261 1418 2326 ita
1452 2261 1747 2341 perfurit
1783 2262 1920 2326 acri

392 2392 540 2434 cum
576 2371 852 2434 fremitu
889 2372 1229 2449 saeuitque
1265 2372 1507 2435 minaci
1543 2394 1882 2436 murmure
1921 2380 2182 2451 pontus

1253 2478 1355 2528 DE
1390 2477 1648 2528 VENTO

305 2573 546 2629 —sunt
578 2566 786 2644 igitur
817 2567 1004 2629 uenti
1036 2566 1351 2629 nimirum
1383 2588 1662 2645 corpora
1694 2588 1885 2631 caeca

392 2696 558 2753 quae
592 2697 790 2753 mare,
827 2696 993 2754 quae
1026 2684 1257 2765 terras,
1295 2697 1460 2754 quae
1495 2677 1777 2754 denique
1812 2676 2043 2739 nubila
2079 2676 2241 2739 caeli

389 2792 673 2849 uerrunt
706 2807 779 2849 ac
811 2786 1029 2849 subito
1060 2786 1376 2850 uexantia
1406 2786 1675 2849 turbine
1707 2793 2001 2864 raptant.

304 2916 508 2958 —nec
543 2896 799 2958 ratione
831 2895 1051 2958 fluunt
1085 2896 1216 2958 alia
1249 2902 1664 2973 stragemque
1699 2903 2075 2974 propagant

391 3013 454 3069 et
487 3027 634 3068 cum
667 3005 882 3068 mollis
914 3026 1122 3083 aquae
1156 3005 1376 3068 fertur
1409 3012 1655 3068 natura
1687 3012 1958 3084 repente

389 3115 658 3177 flumine
695 3116 1084 3191 abundanti,
1120 3135 1315 3192 quom
1348 3115 1552 3193 largis
1588 3114 1907 3178 imbribus
1941 3122 2135 3193 urget

341 3298 346 3303 ⁸
389 3225 722 3287 montibus
756 3247 835 3288 ex
870 3225 1024 3288 altis
1055 3245 1333 3303 magnus
1369 3225 1684 3288 decursus
1720 3224 1936 3302 aquai,

390 3335 726 3412 fragmina
761 3324 1087 3396 coniciens
1121 3334 1442 3397 siluarum
1478 3336 1877 3411 arbustaque
1912 3340 2071 3397 tota.

358 3445 509 3522 (nec
539 3444 752 3507 ualidi
785 3451 1059 3522 possunt
1094 3451 1326 3521 pontes
1357 3443 1691 3506 uenientis
1722 3443 1918 3521 aquai

387 3555 525 3618 uim
557 3554 844 3618 subitam
875 3554 1190 3617 tolerare:
1226 3554 1321 3616 ita
1352 3574 1594 3631 magno
1621 3553 1934 3616 turbidus
1965 3552 2160 3615 imbri

387 3665 667 3727 molibus
701 3663 987 3727 incurrit
1021 3663 1268 3727 ualidis
1301 3684 1448 3725 cum
1484 3662 1745 3725 uiribus
1780 3662 2025 3739 amnis3

336 3844 342 3851 ,
387 3777 505 3838 dat
539 3775 760 3838 sonitu
796 3793 1034 3851 magno
1070 3781 1356 3849 stragem
1391 3772 1736 3851 uoluitque
1772 3774 1893 3835 sub
1929 3771 2129 3834 undis

409 3915 509 3964 271
532 3918 722 3966 cortus
750 3913 849 3963 alii
877 3913 989 3962 alia

409 4000 511 4049 276
532 4000 675 4061 vuly.
706 4001 912 4049 uentus

1395 4124 1510 4186 [ιο]

2605 1077 2709 1126 265

2604 1712 2707 1761 270

2603 2259 2707 2309 275

2601 2893 2705 2942 280

2600 3440 2703 3489 285
