3182 4602
1141 402 1203 452 T.
1243 403 1570 454 LVGRETI
1589 435 1593 439 -
1611 403 1789 454 CARI

393 614 448 677 si
478 614 605 678 tibi
637 614 813 678 forte
848 615 1142 679 animum
1172 615 1295 679 tali
1327 616 1584 680 ratione
1617 623 1840 681 tenere
1922 654 1951 678 ,-

394 724 695 788 uersibus
727 724 797 786 in
827 725 1072 788 nostris
1104 745 1375 803 possem,
1409 726 1568 788 dum
1602 726 1891 804 percipis
1922 746 2176 789 omnem

392 841 704 897 naturam
735 855 958 898 rerum
991 855 1066 898 ac
1097 834 1423 912 persentis
1449 834 1831 899 utilitatem.

516 1113 740 1189 Atque
774 1112 978 1175 animi
1013 1113 1322 1191 quoniam
1354 1114 1550 1176 docui
1583 1122 1830 1178 natura
1864 1114 2022 1192 quid
2059 1120 2224 1176 esset

393 1228 457 1284 et
489 1222 730 1298 quibus
761 1244 794 1286 e
826 1224 1022 1286 rebus
1054 1244 1201 1285 cum
1235 1243 1506 1301 corpore
1538 1230 1801 1301 compta
1831 1223 2090 1301 uigeret

393 1351 604 1409 quoue
638 1332 832 1394 modo
861 1332 1182 1395 distracta
1214 1333 1462 1395 rediret
1494 1333 1565 1393 in
1599 1333 1788 1396 ordia
1821 1332 2056 1411 prima,

1150 1439 1250 1489 DE
1287 1438 1755 1489 SIMVLACRIS

393 1528 568 1571 nunc
603 1528 796 1588 agere
830 1509 1145 1587 incipiam
1179 1510 1323 1587 tibi,
1357 1510 1533 1587 quod
1565 1517 1901 1573 vementer
1935 1511 2021 1573 ad
2052 1511 2171 1573 has
2205 1530 2309 1573 res

392 1619 652 1695 attinet,
685 1639 819 1682 esse
851 1640 928 1683 ea
959 1639 1125 1696 quae
1156 1640 1379 1682 rerum
1410 1619 1764 1683 simulacra
1795 1640 2139 1683 uocamus:

391 1748 575 1805 quae,
612 1728 801 1805 quasi
832 1730 1248 1791 membranae
1282 1749 1535 1791 summo
1567 1730 1647 1791 de
1683 1749 1953 1808 corpore
1989 1750 2211 1791 rerum

391 1838 721 1916 dereptae,
757 1838 1045 1901 uolitant
1079 1839 1384 1915 ultroque
1420 1839 1715 1917 citroque
1749 1859 1869 1917 per
1903 1859 2119 1915 auraS,

391 1954 587 2024 atque
621 1949 845 2011 eadem
877 1948 1066 2010 nobis
1096 1948 1535 2027 uigilantibus
1567 1948 1763 2011 obuia
1792 1953 2041 2037 mentes

389 2057 760 2120 terrificant
792 2065 989 2136 atque
1021 2058 1092 2129 in
1124 2058 1384 2133 somniS,
1419 2078 1566 2120 cum
1599 2078 1791 2136 saepe
1822 2058 2072 2135 figuras

390 2167 768 2230 contuimur
802 2167 1004 2231 miras
1039 2167 1518 2245 simulacraque
1551 2168 1696 2231 luce
1730 2174 2091 2243 carentum,

390 2297 556 2354 quae
586 2297 704 2340 nos
732 2276 1036 2342 horrifice
1066 2278 1446 2355 languentis
1474 2297 1668 2356 saepe
1699 2297 1929 2356 sopore

391 2387 764 2450 excierunt:
797 2408 879 2449 ne
915 2387 1089 2452 forte
1122 2387 1374 2451 animas
1406 2388 1789 2450 Acherunte
1824 2408 2088 2450 reamur

389 2498 678 2576 effugere
713 2504 829 2560 aut
860 2499 1128 2560 umbras
1161 2497 1336 2560 inter
1368 2497 1560 2560 uiuos
1593 2497 1878 2560 uolitare

389 2627 554 2669 neue
586 2607 840 2685 aliquid
870 2607 1082 2669 nostri
1113 2614 1262 2685 post
1289 2613 1565 2669 mortem
1598 2627 1782 2684 posse
1812 2592 2120 2684 relinqui,

391 2737 537 2778 cum
570 2737 810 2794 corpus
843 2716 1040 2778 simul
1073 2723 1271 2793 atque
1307 2716 1510 2780 animi
1545 2723 1793 2779 natura
1826 2723 2172 2794 perempta
2255 2779 2259 2784 .

391 2825 459 2887 in
487 2846 607 2889 sua
636 2826 990 2889 discessum
1019 2825 1325 2888 dederint
1352 2825 1721 2904 primordia
1748 2845 2063 2904 quaeque.

513 2936 682 2998 Dico
711 2935 922 3014 igitur
954 2957 1176 2998 rerum
1211 2935 1457 3012 effigias
1487 2935 1835 3013 tenuisque
1867 2935 2121 3012 figuras

387 3045 640 3108 mittier
669 3047 749 3108 ab
779 3047 993 3121 rebUS,
1023 3065 1277 3108 summo
1305 3045 1384 3106 de
1416 3044 1655 3107 cortice
1686 3064 1933 3122 eorum,

309 3154 458 3217 —id
487 3155 642 3218 licet
673 3155 827 3217 hinc
859 3154 1163 3232 quamuis
1192 3154 1409 3217 hebeti
1440 3174 1824 3232 cognoscere
1856 3155 2068 3217 corde.
2174 3213 2178 3220 .

784 3295 804 3322 0

519 3429 696 3517 ''Sed
731 3433 1040 3510 quoniam
1077 3432 1270 3495 docui
1306 3423 1696 3495 cunctarum
1733 3433 2002 3496 exordia
2038 3453 2261 3496 rerum

390 3542 614 3619 qualia
643 3541 779 3604 sint
812 3549 876 3605 et
909 3562 1106 3618 quam
1137 3541 1350 3605 uariis
1380 3539 1701 3605 distantia
1736 3535 1969 3605 formis
2050 3539 2075 3548 ”

389 3658 620 3729 sponte
654 3671 776 3715 sua
806 3651 1089 3715 uolitent
1125 3658 1393 3715 aeterno
1426 3645 1682 3729 percita
1712 3643 1895 3714 motu
1958 3628 1963 3636 ¹

391 3780 645 3839 quoque
676 3761 871 3823 modo
896 3761 1103 3838 possit
1133 3781 1237 3824 res
1266 3783 1346 3824 ex
1374 3759 1477 3823 his
1509 3781 1806 3838 quaeque
1838 3757 2068 3837 creari,

392 3889 565 3933 nunc
599 3890 791 3947 agere
825 3870 1139 3948 incipiam
1171 3870 1314 3946 tibi,
1350 3871 1525 3947 quod
1558 3871 1980 3932 uehementer
2014 3871 2250 3933 ad'has
2282 3867 2406 3945 ress,

445 4001 511 4049 43
537 4000 676 4062 ηιῑρ.
709 4015 939 4064 corpore
969 4015 1152 4050 rerum

1377 4178 1524 4230 [119]

2638 832 2711 881 25

2638 1618 2711 1667 30

2636 2164 2709 2213 35

2596 2715 2708 2782 Ι4ιο

2634 3432 2708 3480 45
