3182 4602
1169 387 1230 436 T.
1267 387 1508 438 LVGRE
1514 388 1593 436 TI
1630 387 1808 438 CARI

427 601 730 678 motibuS,
763 602 941 665 unde
973 603 1132 665 haec
1166 609 1262 665 est
1294 602 1484 666 nobis
1512 602 1748 666 innata
1781 610 2090 680 potestas,

427 711 508 774 de
538 711 748 775 nihilo
779 712 1092 790 quoniam
1122 712 1268 776 fieri
1299 712 1399 774 nil
1430 733 1617 791 posse
1650 712 1973 776 uidemus,

424 822 688 898 pondus
721 821 894 885 enim
925 823 1229 900 prohibet
1261 842 1344 884 ne
1377 823 1597 901 plagis
1626 822 1845 886 omnia
1875 822 2040 886 fiant

427 937 699 995 externa
730 931 921 1010 quasi
950 932 1058 1008 ui;
1091 933 1206 996 sed
1236 953 1320 996 ne
1351 953 1456 996 res
1487 933 1634 1010 ipsa
1666 953 2000 996 necessum

426 1040 817 1104 intestinum
847 1043 1086 1105 habeat
1117 1042 1373 1105 cunctis
1402 1042 1474 1103 in
1505 1044 1703 1105 rebus
1738 1042 2012 1120 agendis
2636 1039 2737 1089 290

426 1157 490 1213 et
523 1151 786 1215 deuicta
819 1151 1008 1229 quasi
1039 1159 1313 1230 cogatur
1346 1151 1524 1214 ferre
1557 1152 1851 1230 patique,

425 1261 496 1323 id
527 1260 693 1324 facit
727 1261 1038 1338 exiguum
1069 1262 1394 1325 clinamen
1428 1261 1912 1340 principiorum

424 1391 542 1433 nec
572 1371 836 1449 regione
865 1371 991 1434 loci
1020 1379 1203 1435 certa
1229 1392 1347 1434 nec
1376 1379 1672 1450 tempore
1702 1377 1898 1434 certo.

514 1619 517 1622 .
549 1565 684 1628 Nec
717 1565 966 1644 stipata
999 1565 1209 1644 magis
1239 1565 1376 1629 fuit
1408 1586 1723 1643 umquam
1755 1565 2057 1630 materiai

425 1675 616 1753 copia
645 1695 766 1739 nec
799 1695 1000 1753 porro
1029 1675 1389 1739 maioribus
1420 1675 1829 1752 interuallis3
2636 1671 2740 1722 295

395 1783 580 1860 (nam
613 1803 824 1862 neque
861 1784 1242 1862 adaugescit
1277 1784 1630 1863 quicquam
1664 1805 1875 1863 neque
1911 1785 2169 1863 deperit
2202 1785 2422 1861 inde).

425 1901 833 1972 quapropter
865 1914 996 1971 quo
1023 1914 1203 1957 nunc
1233 1894 1306 1956 in
1336 1901 1520 1958 motu
1552 1894 2035 1973 principiorum

425 2023 701 2081 corpora
731 2010 906 2081 sunt,
937 2004 1007 2065 in
1039 2005 1262 2068 eodem
1295 2011 1447 2068 ante
1479 2011 1628 2068 acta
1658 2011 1871 2068 aetate
1905 2004 2093 2069 fuere

425 2120 489 2176 et
522 2115 796 2191 posthac
829 2133 1085 2192 semper
1118 2113 1318 2177 simili
1352 2114 1608 2178 ratione
1643 2114 1968 2192 ferentur,

425 2229 488 2285 et
517 2243 684 2301 quae
713 2223 1091 2287 consuerint
1119 2223 1304 2303 gigni
1335 2224 1693 2304 gignentur
1724 2225 1947 2289 eadem
2636 2221 2737 2272 300

426 2334 804 2398 condicione
838 2342 901 2398 et
935 2342 1132 2398 erunt
1165 2342 1229 2398 et
1261 2342 1553 2399 crescent
1586 2335 1787 2413 uique
1820 2336 2160 2412 ualebunt‚

426 2451 748 2521 quantum
783 2444 1018 2521 cuique
1052 2446 1282 2508 datum
1316 2451 1417 2508 est
1447 2465 1566 2522 per
1600 2444 1871 2508 foedera
1900 2444 2191 2508 naturai.

425 2573 541 2617 ‘nec
572 2574 797 2617 rerum
827 2574 1150 2617 summam
1181 2560 1581 2617 commutare
1614 2553 1753 2617 ulla
1787 2560 2007 2631 potest
2034 2554 2174 2632 uis;

423 2684 577 2726 nam
607 2683 819 2741 neque
848 2684 981 2741 quo
1011 2663 1218 2741 possit
1251 2684 1457 2742 genus
1487 2664 1701 2727 ullum
1733 2663 2037 2727 materiai

427 2773 712 2852 effugere
743 2793 824 2837 ex
852 2774 1047 2851 omni,
1082 2774 1432 2852 quicquam
1461 2780 1558 2837 est
1600 2780 1967 2850 <extra>‚
1997 2793 2209 2851 neque
2238 2773 2311 2835 in
2343 2794 2531 2839 omne
2634 2772 2737 2822 305

425 2885 600 2946 unde
635 2890 858 2947 coorta
893 2890 1091 2961 queat
1122 2903 1297 2946 noua
1331 2882 1436 2946 uis
1470 2882 1852 2961 inrumpere
1887 2889 1951 2946 et
1988 2902 2242 2945 omnem

425 3000 735 3057 naturam
767 3014 993 3056 rerum
1025 2998 1284 3056 mutare
1319 3000 1383 3057 et
1415 2999 1678 3057 uertere
1712 3000 1947 3056 motus.

550 3255 728 3317 Illud
763 3254 834 3315 in
865 3254 970 3317 his
1001 3255 1196 3317 rebus
1227 3274 1359 3317 non
1391 3261 1486 3317 est
1519 3253 1839 3330 mirabile,
1874 3274 2097 3331 quare,

426 3364 640 3427 omnia
673 3385 821 3427 cum
853 3384 1075 3426 rerum
1109 3363 1474 3441 primordia
1504 3363 1638 3425 sint
1671 3363 1742 3424 in
1774 3370 1977 3439 motu,

425 3494 676 3537 summa
708 3481 932 3538 tamen
965 3493 1219 3536 summa
1253 3472 1565 3536 uideatur
1600 3479 1777 3536 stare
1813 3472 2049 3549 quiete,
2634 3469 2736 3519 310

426 3590 889 3661 praeterquam
921 3582 1142 3660 siquid
1176 3582 1449 3661 proprio
1482 3583 1597 3645 dat
1630 3601 1902 3660 corpore
1936 3589 2171 3645 motus,

428 3693 654 3757 Omnis
686 3693 858 3757 enim
890 3693 1081 3770 longe
1111 3692 1354 3755 nostris
1385 3684 1795 3755 ab‘sensibus
1824 3690 2009 3754 infra

427 3803 790 3881 primorum
823 3809 1069 3866 natura
1103 3802 1305 3878 iacet3
1340 3807 1767 3879 quapropter,
1803 3800 1919 3863 ubi
1953 3799 2173 3879 ipsum

429 3933 690 3977 cernere
721 3913 853 3976 iam
886 3932 1190 3990 nequeaS‚
1225 3918 1442 3974 motus
1474 3930 1732 3988 quoque
1766 3930 2039 3988 surpere
2075 3910 2348 3973 debent:

448 4037 546 4086 289
567 4037 710 4098 vulg.
743 4050 901 4087 mens

450 4104 547 4154 299
567 4104 705 4156 haec

450 4172 548 4222 313
569 4173 712 4234 vulg.
741 4172 862 4237 ipsa
895 4216 899 4223 .
1433 4168 1548 4221 [49]
