3182 4602
1109 430 1213 481 DE
1248 430 1515 480 RERVM
1548 430 1859 483 NATVRA
1899 429 1998 480 111

525 645 814 723 expertis
847 645 1099 709 animas
1130 667 1250 709 nec
1281 646 1398 709 leti
1430 648 1571 724 lege
1599 647 1867 710 solutas„

524 774 678 818 nam
707 775 917 833 neque
947 762 1138 819 tanto
1166 776 1359 833 opere
1389 756 1652 819 adnecti
1684 754 1973 834 potuisse
1998 753 2445 833 putandumst

524 865 910 943 corporibus
940 865 1183 928 nostris
1215 865 1621 929 extrinsecus
1654 864 2027 928 insinuatas

494 975 703 1052 (quod
731 974 876 1036 fleri
905 982 1120 1038 totum
1151 982 1383 1038 contra
1411 974 1768 1038 manifesta
1798 975 1985 1037 docet
2018 994 2155 1050 res;
2214 1016 2219 1021 -
2736 968 2833 1018 690

524 1105 806 1162 ‘namque
839 1085 935 1148 ita
963 1104 1210 1148 conexa
1240 1091 1337 1148 est
1370 1105 1490 1163 per
1522 1104 1727 1148 uenas
1758 1084 2014 1148 uiscera
2045 1103 2285 1147 neruos

525 1214 815 1272 ossaque,
848 1194 950 1258 uti
984 1196 1212 1257 dentes
1246 1214 1502 1272 quoque
1537 1214 1732 1257 sensu
1767 1193 2292 1272 participentur3

443 1326 452 1331 ·
525 1305 790 1367 morbus
818 1309 895 1366 ut
925 1304 1179 1367 indicat
1210 1312 1274 1367 et
1306 1304 1548 1382 gelidai
1579 1304 1873 1381 stringor
1904 1303 2101 1381 aquai

525 1421 590 1477 et
618 1414 791 1492 lapis
819 1433 1170 1492 oppressus
1199 1414 1434 1477 subitis
1463 1434 1497 1475 e
1528 1413 1842 1491 frugibus
1868 1414 2094 1491 asper)

525 1544 663 1600 nec,
696 1530 835 1587 tam
865 1530 1206 1587 contextae
1239 1545 1387 1587 cum
1421 1524 1575 1599 sint,
1610 1523 1787 1587 exire
1817 1523 2137 1586 uidentur
2737 1518 2836 1567 695

526 1634 882 1696 incolumes
915 1654 1100 1712 posse
1134 1641 1198 1697 et
1230 1634 1451 1697 saluas
1481 1634 1814 1697 exsoluere
1848 1652 1983 1695 sese

527 1743 827 1806 omnibus
856 1765 889 1807 e
919 1743 1144 1806 neruis
1174 1752 1372 1821 atque
1402 1744 1653 1807 ossibus
1684 1743 2129 1820 articulisque.
2220 1799 2227 1807 .

655 1853 844 1931 Quod
876 1853 932 1915 si
968 1853 1142 1916 forte
1177 1860 1378 1931 putas
1409 1854 1815 1916 extrinsecus
1847 1853 2252 1915 insinuatam

527 1983 915 2040 permanare
946 1963 1232 2025 animam
1259 1964 1446 2026 nobis
1476 1983 1595 2040 per
1624 1965 1915 2026 membra
1944 1964 2169 2039 solere,

525 2079 715 2134 tanto
745 2072 989 2150 quique
1019 2072 1227 2150 magis
1260 2057 1407 2136 cum
1440 2093 1711 2151 corpore
1743 2072 1896 2135 fusa
1927 2072 2207 2150 peribit3
2739 2068 2837 2117 700

496 2182 704 2258 (quod
736 2189 1084 2259 permanat
1117 2166 1289 2246 enim
1320 2183 1729 2258 dissoluitur,
1761 2183 1994 2245 interit
2026 2183 2211 2260 ergo)

526 2291 925 2371 dispertitur
956 2292 1129 2355 enim
1161 2313 1280 2371 per
1311 2293 1535 2356 caulas
1566 2292 1860 2384 corporis
1892 2292 2119 2357 omnia.

526 2409 603 2464 ut
633 2402 834 2479 cibuS,
865 2403 936 2465 in
965 2405 1256 2482 membra
1285 2411 1482 2480 atque
1511 2411 1699 2466 artus
1727 2424 1876 2466 cum
1906 2403 2165 2502 diditur
2194 2403 2421 2480 omnis,

529 2512 808 2589 disperit
840 2518 1037 2590 atque
1070 2513 1268 2576 aliam
1297 2520 1609 2576 naturam
1640 2513 1877 2576 sufficit
1909 2533 1987 2574 ex
2016 2533 2100 2588 se,

527 2621 618 2684 sic
655 2621 874 2685 anima
909 2628 1106 2700 atque
1142 2623 1401 2686 animus
1435 2623 1739 2700 quamuis
1772 2623 2033 2700 integra
2068 2643 2290 2722 recens
2336 2622 2557 2695 <in>
2740 2620 2838 2669 705

528 2751 767 2808 corpus
797 2739 976 2809 eunt,
1009 2740 1230 2796 tamen
1260 2733 1331 2794 in
1362 2734 1692 2795 manando
1726 2715 2203 2809 dissoluuntur,

529 2841 687 2903 dum
718 2842 906 2919 quasi
937 2863 1056 2920 per
1089 2844 1311 2906 caulas
1345 2842 1554 2905 omnis
1583 2843 1965 2906 diduntur
1948 2863 2018 2920 ln
2051 2849 2236 2906 artus

529 2950 896 3028 particulae
929 2951 1167 3029 quibus
1196 2953 1354 3015 haec
1386 2952 1591 3015 animi
1622 2960 1870 3015 natura
1900 2959 2182 3028 creatur,

530 3081 696 3137 quae
726 3081 904 3124 nunc
937 3061 1007 3122 in
1039 3069 1264 3124 nostro
1294 3062 1677 3124 dominatur
1711 3082 1981 3140 corpore
2012 3068 2173 3125 nata

530 3190 608 3231 ex
638 3169 758 3233 illa
786 3191 951 3248 quae
982 3177 1143 3234 tunc
1173 3172 1374 3250 periit
1405 3172 1658 3249 partita
1689 3192 1809 3250 per
1840 3179 2043 3234 artuS.
2740 3169 2836 3218 710

707 3276 839 3326 DIE
893 3276 1184 3327 NATALI
1237 3277 1564 3327 ANIMAM
1617 3277 1780 3328 NON
1832 3278 2035 3328 ESSE·
2066 3277 2474 3327 PRIVATAM

442 3372 937 3443 —quapropter
969 3386 1179 3443 neque
1212 3366 1423 3429 natali
1457 3366 1729 3444 priuata
1760 3366 2033 3429 uidetur

529 3495 663 3538 esse
691 3475 798 3538 die
826 3481 1072 3537 natura
1099 3475 1355 3539 animae
1382 3496 1500 3538 nec
1530 3475 1789 3538 funeris
1818 3495 2069 3554 expers

657 3668 922 3732 Semina
961 3675 1303 3746 praeterea
1342 3668 1734 3746 linquontur
1774 3689 1976 3732 necne
2016 3668 2261 3731 animai

530 3798 801 3856 corpore
831 3778 902 3839 in
934 3778 1274 3840 exanimo?
1349 3779 1522 3857 quod
1553 3780 1609 3840 si
1640 3778 1984 3841 lincuntur
2014 3785 2079 3841 et
2109 3778 2357 3855 insunt,
2462 3848 2467 3854 ἵ

528 3889 693 3950 haut
725 3888 853 3951 erit
884 3893 961 3950 ut
993 3888 1230 3951 merito
1260 3887 1631 3950 inmortalis
1662 3888 1868 3965 possit
1900 3887 2148 3964 haberi,
2738 3883 2832 3933 715

529 3997 834 4074 partibus
867 3997 1120 4060 amissis
1150 3997 1459 4075 quoniam
1491 3997 1702 4062 libata
1731 3997 2014 4064 recessit.

555 4128 654 4177 710
675 4128 818 4186 vulq.
849 4131 966 4177 tum

1521 4204 1668 4255 [104]
