3182 4602
1079 441 1181 491 DE
1217 441 1481 492 RERVM
1517 442 1829 492 NATVRA
1867 442 1953 491 117

405 663 556 762 -Tet
592 663 814 719 tamen
849 656 995 735 ipsa
1030 676 1286 734 quoque
1322 657 1501 734 haec,
1538 657 1700 719 dum
1735 656 1979 720 transit
2014 659 2238 720 clausa
2284 656 2809 732 <domorum>‚

492 786 624 829 uox
658 766 1059 844 optunditur
1093 774 1290 844 atque
1327 766 1510 831 auris
1543 766 1821 829 confusa
1856 773 2163 844 penetrat

415 898 426 909 ·
493 882 556 939 et
589 876 878 939 sonitum
911 876 1133 954 potius
1166 897 1363 954 quam
1396 877 1604 939 uerba
1638 876 1868 939 audire
1903 876 2229 939 uidemur.

1331 1151 1432 1201 DE
1481 1151 1774 1201 SAPORE

616 1240 829 1316 Nunc,
863 1240 978 1318 qui
1010 1240 1328 1304 sentimus
1362 1262 1609 1317 sucum,
1642 1240 1874 1317 lingua
1907 1246 2105 1317 atque
2139 1240 2439 1317 palatum
2706 1236 2808 1285 615

491 1349 866 1427 plusculum
900 1350 1144 1413 habent
1178 1350 1249 1412 in
1283 1371 1349 1413 se
1384 1350 1662 1413 rationis
1694 1351 1847 1427 plus
1881 1358 2433 1427 operae<que>.

405 1459 827 1537 ——principio
857 1480 1084 1522 sucum
1117 1460 1438 1523 sentimus
1468 1460 1540 1521 in
1571 1480 1701 1536 ore,
1737 1460 1954 1523 cibum
1987 1480 2135 1522 cum
2184 1544 2193 1551 ἢ

490 1570 863 1631 mandendo
897 1570 1344 1648 exprimimuS,
1381 1590 1498 1632 ceu
1534 1570 1797 1647 plenam
1833 1569 2177 1647 spongiam
2210 1568 2407 1646 aquai

492 1678 698 1756 siquis
731 1678 905 1743 forte
937 1700 1138 1742 manu
1174 1700 1469 1757 premere
1504 1700 1579 1743 ac
1611 1680 1854 1742 siccare
1888 1679 2121 1757 coepit.

492 1789 645 1850 inde
679 1790 853 1866 quod
887 1789 1315 1867 exprimimus
1347 1810 1466 1867 per
1498 1790 1719 1851 caulas
1752 1809 1938 1851 omne
1973 1788 2183 1867 palati
2704 1784 2804 1834 620

492 1898 751 1962 diditur
786 1905 850 1962 et
884 1919 1074 1962 rarae
1109 1920 1228 1977 per
1262 1898 1434 1961 flexa
1466 1898 1800 1962 foramina
1832 1899 2118 1976 linguae.

491 2010 611 2071 hoc
640 2008 756 2071 ubi
786 2008 961 2071 leuia
990 2016 1145 2071 sunt
1176 2009 1509 2071 manantis
1539 2028 1817 2086 corpora
1848 2008 2007 2085 suci,

491 2118 788 2181 suauiter
825 2118 1169 2195 attingunt
1206 2125 1270 2181 et
1307 2117 1605 2181 suauiter
1643 2118 1863 2181 omnia
1898 2123 2193 2182 tractant

491 2228 717 2291 umida
752 2228 1008 2306 linguai
1046 2228 1292 2290 circum
1329 2228 1645 2291 sudantia
1680 2230 1945 2306 templa.

407 2345 561 2401 —at
596 2345 826 2401 contra
859 2347 1170 2417 pungunt
1204 2359 1464 2402 sensum
1498 2340 1923 2416 lacerantque
1956 2345 2198 2416 coorta,
2704 2335 2804 2384 625

493 2455 742 2525 quanto
774 2469 1067 2526 quaeque
1100 2449 1310 2526 magis
1341 2456 1499 2514 sunt
1532 2449 1889 2526 asperitate
1924 2449 2197 2526 repleta.

492 2558 729 2621 deinde
761 2559 1073 2637 uoluptas
1107 2566 1202 2622 est
1236 2581 1269 2622 e
1303 2579 1458 2621 suco
1488 2558 1618 2622 fine
1653 2558 1897 2636 palati;

493 2688 641 2729 cum
673 2687 833 2730 uero
862 2669 1167 2731 deorsum
1199 2689 1318 2746 per
1351 2668 1577 2731 fauces
1612 2668 2103 2746 praecipitauit,

493 2778 681 2840 nulla
708 2778 1020 2856 uoluptas
1053 2785 1168 2854 est,
1203 2779 1360 2840 dum
1394 2778 1654 2840 diditur
1688 2777 1898 2841 omnis
1929 2777 1999 2839 in
2033 2783 2238 2840 artus,

493 2907 611 2949 nec
643 2886 853 2950 refert
888 2887 1237 2964 quicquam
1272 2907 1401 2964 quo
1432 2887 1619 2950 uictu
1653 2907 1893 2965 corpus
1926 2888 2167 2963 alatur,
2554 2929 2557 2932 -
2704 2883 2804 2934 630

493 2997 848 3060 dummodo
880 2998 1054 3074 quod
1088 2997 1310 3074 capias
1344 3004 1722 3060 concoctum
1758 2997 1985 3060 didere
2021 2996 2228 3074 possis

493 3104 770 3170 artubus
805 3113 869 3169 et
904 3106 1220 3169 stomachi
1254 3106 1627 3168 umidulum
1664 3126 1929 3169 seruare
1963 3113 2275 3169 tenorem.

859 3297 1109 3362 QVARE
1145 3297 1328 3346 ALIA
1363 3297 1569 3347 ALIIS
1604 3296 2036 3347 CONTRARIA
2073 3296 2249 3346 SINT

616 3384 811 3446 Nunc
843 3383 991 3446 aliis
1023 3384 1195 3447 alius
1226 3383 1340 3461 qui
1372 3384 1458 3446 sit
1491 3384 1676 3447 cibus
1705 3391 1781 3447 ut
1813 3384 2159 3446 uideamus

493 3494 856 3571 expediam,
891 3514 1198 3571 quareue,
1233 3494 1380 3556 aliis
1413 3494 1587 3570 quod
1623 3493 1813 3557 triste
1846 3499 1910 3557 et
1942 3499 2321 3569 amarumst,

489 3606 612 3666 hoc
646 3611 866 3667 tamen
903 3624 1034 3665 esse
1071 3603 1220 3666 aliis
1253 3602 1457 3681 possit
1492 3603 1803 3681 perdulce
1839 3602 2076 3665 uideri.
2702 3599 2801 3648 635

460 3715 811 3791 (tantaque
858 3713 1077 3785 <in>
1121 3713 1225 3775 his
1259 3713 1455 3774 rebus
1491 3712 1811 3774 distantia
1846 3711 2383 3788 differitasquest,

491 3831 567 3887 ut
600 3825 775 3900 quod
808 3824 897 3886 ali
928 3823 1111 3886 cibus
1144 3829 1239 3885 est
1272 3822 1419 3885 aliis
1452 3821 1604 3884 fuat
1639 3842 1785 3884 acre
1816 3842 2178 3898 uenenum;

512 3957 615 4006 615
635 3955 754 4005 Hoc
785 3955 928 4016 vuly.
963 3955 1078 4004 Nec

515 4023 617 4072 616
637 4023 783 4083 vuly.
803 4035 870 4071 ve

515 4091 614 4139 621
635 4089 906 4154 perplexa

516 4158 617 4207 632
636 4157 782 4218 vuly.
816 4159 1085 4206 umectum
1598 4211 1601 4216 Ι

1483 4221 1632 4274 [140]
