3182 4602
1157 409 1219 458 T.
1260 409 1586 460 LVGRETI
1627 409 1804 460 CARI

413 624 695 699 augebat
729 645 909 686 mare
941 625 1274 687 manando
1306 645 1696 702 camposque
1729 625 2045 701 natantiS,

411 738 476 793 et
511 739 701 794 tanto
731 733 942 810 magis
974 733 1090 796 illa
1122 733 1304 797 foras
1336 735 1562 812 elapsa
1593 735 1911 797 uolabant

411 862 692 918 corpora
720 843 931 906 multa
964 843 1234 921 uaporis
1266 851 1332 906 et
1364 844 1536 907 aeris
1567 845 1832 921 altaque
1865 844 2027 907 caeli

409 951 780 1014 densabant
811 953 1043 1029 procul
1076 975 1114 1016 a
1145 953 1343 1015 terris
1374 953 1711 1030 fulgentia
1741 954 2005 1031 templa.

410 1060 714 1123 sidebant
750 1061 983 1139 campi,
1020 1064 1397 1125 crescebant
1430 1063 1767 1125 montibus
1799 1063 1951 1125 altis

411 1190 750 1246 ascensus3
782 1191 993 1248 neque
1026 1171 1199 1232 enim
1232 1178 1541 1249 poterant
1573 1171 1909 1235 subsidere
1942 1193 2104 1235 saxa

409 1299 529 1342 nec
566 1279 821 1357 pariter
852 1282 1248 1344 tantundem
1287 1301 1508 1344 omnes
1539 1283 1960 1345 succumbere
1996 1281 2227 1359 partis.

539 1389 648 1452 Sic
684 1390 893 1467 igitur
927 1398 1145 1453 terrae
1183 1398 1486 1453 concreto
1520 1411 1791 1468 corpore
1831 1392 2090 1468 pondus

412 1499 709 1561 constitit
743 1507 939 1577 atque
973 1501 1182 1562 omnis
1213 1501 1446 1563 mundi
1479 1501 1669 1578 quasi
1700 1501 1897 1563 limus
1930 1501 1999 1562 in
2033 1501 2237 1563 imum

413 1609 731 1670 confluxit
763 1610 989 1687 grauis
1020 1616 1084 1673 et
1115 1611 1409 1672 subsedit
1442 1610 1754 1673 funditus
1786 1618 1862 1673 ut
1896 1610 2085 1686 faex3

413 1717 565 1781 inde
598 1740 778 1782 mare
808 1719 961 1781 inde
997 1741 1107 1782 aer
1139 1720 1294 1783 inde
1328 1722 1552 1783 aether
1584 1719 1834 1797 ignifer
1867 1720 2006 1798 ipse

413 1829 798 1905 corporibus
832 1829 1104 1906 liquidis
1135 1837 1292 1892 sunt
1328 1830 1545 1893 omnia
1580 1851 1753 1907 pura
1785 1830 2035 1908 relicta,

415 1944 477 2000 et
508 1937 758 2000 leuiora
790 1938 936 2000 aliis
966 1939 1115 2014 alia,
1149 1947 1212 2002 et
1242 1939 1720 2017 liquidissimus
1751 1941 1976 2003 aether

414 2054 610 2124 atque
642 2048 1013 2111 leuissimus
1047 2049 1260 2112 aerias
1289 2069 1488 2126 super
1521 2049 1747 2112 influit
1780 2070 1995 2127 auraS,

412 2177 531 2218 nec
568 2157 895 2234 liquidum
933 2178 1172 2235 corpus
1207 2159 1635 2221 turbantibus
1672 2159 1842 2222 aeris
1879 2159 2059 2222 auris

414 2266 816 2344 commiscet3
851 2267 1011 2330 sinit
1043 2269 1201 2331 haec
1232 2268 1541 2331 uiolentis
1574 2269 1794 2332 omnia
1825 2269 2003 2332 uerti

412 2377 811 2453 turbinibus,
845 2377 1004 2440 sinit
1036 2378 1306 2441 incertis
1337 2381 1611 2442 turbare
1643 2379 1966 2456 procelliS,

412 2486 552 2563 ipse
588 2507 738 2549 suos
773 2487 946 2564 ignis
982 2495 1160 2550 certo
1196 2487 1331 2551 fert
1368 2488 1611 2565 impete
1647 2488 1891 2551 labens,

382 2596 569 2671 (nam
602 2597 851 2660 modice
888 2598 1090 2660 fluere
1128 2605 1324 2675 atque
1358 2619 1493 2660 uno
1528 2618 1713 2675 posse
1750 2600 2019 2661 aethera
2051 2598 2201 2661 nisu

414 2705 742 2782 significat
775 2706 973 2769 Ponti
1006 2727 1184 2769 mare
1219 2715 1398 2770 certo
1430 2708 1606 2784 quod
1639 2707 1788 2770 fluit
1823 2714 2007 2771 aestu

411 2836 620 2877 unum
651 2816 916 2878 labendi
948 2836 1344 2879 conseruans
1375 2837 1581 2894 usque
1612 2818 1959 2893 tenorem.)

539 3010 831 3072 Motibus
862 3017 1189 3073 astrorum
1222 3031 1398 3073 nunc
1431 3031 1597 3087 quae
1630 3010 1716 3073 sit
1749 3032 1945 3074 causa
1975 3032 2305 3074 canamus,

413 3118 758 3196 Principio
786 3140 1065 3196 magnus
1098 3120 1260 3181 caeli
1293 3120 1348 3182 si
1380 3120 1677 3182 uortitur
1710 3120 1903 3196 orbiS,

415 3250 493 3290 ex
525 3235 809 3305 utraque
842 3230 1067 3306 polum
1102 3229 1279 3306 parti
1313 3250 1610 3307 premere
1646 3252 1802 3293 aera
1830 3230 2018 3292 nobis

416 3337 767 3400 dicendum
806 3345 900 3400 est
940 3345 1254 3415 extraque
1291 3344 1514 3400 tenere
1554 3346 1619 3401 et
1655 3340 1959 3402 claudere
1996 3340 2365 3417 utrimque3

415 3446 568 3510 inde
606 3447 810 3509 alium
844 3468 1048 3525 supra
1084 3448 1286 3511 fluere
1323 3455 1521 3525 atque
1557 3448 1901 3512 intendere
1938 3449 2161 3512 eodem

415 3576 546 3633 quo
579 3558 912 3619 uoluenda
947 3556 1194 3619 micant
1232 3557 1482 3619 aeterni
1519 3558 1738 3620 sidera
1773 3558 2040 3635 mundi3

417 3673 534 3728 aut
574 3666 777 3729 alium
817 3673 1066 3744 supter,
1109 3666 1492 3743 contraqui
1532 3668 1856 3729 subuehat
1899 3669 2137 3744 orbem,

415 3781 491 3836 ut
524 3774 764 3837 fluuios
789 3794 1055 3837 uersare
1088 3782 1268 3837 rotas
1300 3782 1496 3852 atque
1529 3776 1806 3839 haustra
1837 3776 2158 3838 uidemus,

437 3904 538 3953 491
559 3906 705 3965 vulg.
741 3904 1040 3955 densebant

437 3973 539 4022 507
559 3973 744 4023 Ponto
812 3972 956 4033 vulg.
991 3972 1198 4022 Pontos

439 4041 542 4089 514
562 4041 696 4102 fort.
729 4040 983 4090 nocturni

1407 4149 1558 4236 [181]

2622 841 2729 890 490

2623 1387 2730 1436 495

2625 1938 2731 1986 500

2626 2485 2732 2535 505

2628 3118 2733 3168 510

2630 3668 2735 3717 515
