3182 4602
1159 408 1220 459 Τ.
1261 406 1588 458 LVGRETI
1627 406 1805 457 CARI

536 704 839 781 Denique
876 706 1156 769 conubia
1194 708 1277 769 ad
1315 706 1595 775 Veneris
1631 712 1994 784 partusque
2031 705 2328 769 ferarum

411 834 545 877 esse
583 813 837 878 animas
873 823 1139 893 praesto
1173 816 1613 879 deridiculum
1651 836 1785 879 esse
1823 816 2112 892 uidetur,

413 931 759 1001 expectare
794 925 1184 987 immortalis
1215 926 1522 989 mortalia
1555 927 1847 989 membra

413 1032 761 1096 innumero
793 1055 1067 1098 numero
1101 1041 1482 1113 certareque
1517 1041 2119 1113 praeproperanter

413 1142 587 1206 inter
619 1164 686 1208 se
719 1164 886 1221 quae
919 1144 1136 1223 prima
1168 1144 1637 1223 potissimaque
1668 1145 2079 1221 insinuetur;
2625 1141 2725 1190 780

414 1253 469 1315 si
498 1274 633 1317 non
662 1253 836 1317 forte
866 1254 963 1317 ita
988 1261 1145 1317 sunt
1176 1254 1547 1318 animarum
1579 1254 1849 1317 foedera
1882 1262 2077 1332 pacta

411 1370 488 1426 ut
521 1384 688 1440 quae
721 1364 938 1441 prima
966 1365 1201 1428 uolans
1232 1352 1579 1427 aduenerit
1611 1363 1989 1427 insinuetur

413 1473 632 1551 prima
662 1493 873 1551 neque
906 1474 1083 1536 inter
1117 1494 1183 1536 se
1218 1475 1624 1537 contendant
1656 1474 1915 1537 uiribus
1948 1473 2177 1536 hilum.

540 1667 841 1745 Denique
876 1667 946 1729 in
980 1670 1240 1731 aethere
1274 1688 1408 1731 non
1443 1670 1658 1744 arbor,
1693 1688 1826 1730 non
1861 1687 2140 1746 aequore
2174 1667 2245 1728 in
2279 1669 2417 1731 alto

414 1778 620 1839 nubes
652 1797 787 1840 esse
819 1784 1073 1855 queunt
1101 1798 1220 1840 nec
1252 1778 1460 1856 pisces
1491 1778 1719 1841 uiuere
1753 1777 1823 1838 in
1857 1778 2037 1841 aruis
2626 1774 2728 1824 785

414 1906 532 1949 nec
566 1907 768 1949 cruor
796 1886 868 1948 in
900 1887 1099 1965 lignis
1134 1908 1344 1964 neque
1379 1888 1556 1951 saxis
1587 1908 1784 1950 sucus
1817 1887 1888 1948 in
1924 1908 2076 1951 esse.

415 2003 668 2059 certum
705 2017 779 2059 ac
815 1996 1271 2075 dispositumst
1305 1997 1420 2059 ubi
1456 1997 1757 2074 quicquit
1792 2003 2040 2059 crescat
2074 2004 2139 2059 et
2176 1996 2354 2059 insit.

413 2105 506 2168 sic
537 2106 742 2169 animi
772 2111 1020 2170 natura
1047 2107 1279 2185 nequit
1311 2106 1451 2170 sine
1483 2126 1755 2185 corpore
1788 2106 1949 2168 oriri

413 2217 551 2279 sola
581 2236 791 2294 neque
823 2237 862 2280 a
893 2215 1119 2279 neruis
1149 2223 1214 2279 et
1245 2216 1566 2294 sanguine
1600 2216 1862 2294 longius
1894 2236 2047 2279 esse.
2417 2291 2422 2296 ⁸

453 2326 732 2405 —Quod
768 2327 825 2389 si
861 2334 1078 2405 posset
1113 2327 1305 2403 enim,
1343 2328 1555 2391 multo
1586 2326 1779 2405 prius
1810 2326 1956 2405 ipsa
1992 2326 2196 2389 animi
2232 2326 2337 2388 uis
2626 2323 2727 2373 790

417 2435 487 2524 in
519 2436 736 2514 capite
771 2443 888 2500 aut
918 2436 1164 2500 umeris
1197 2443 1314 2500 aut
1346 2417 1496 2499 imis
1529 2436 1817 2499 calcibus
1850 2456 1983 2498 esse

417 2553 632 2623 posset
665 2553 729 2609 et
761 2546 1017 2609 innasci
1051 2546 1287 2624 quauis
1318 2546 1390 2607 in
1423 2553 1615 2624 parte
1648 2547 1903 2622 soleret,

415 2657 684 2719 tandem
717 2656 788 2717 in
819 2657 1042 2718 eodem
1073 2656 1333 2718 homine
1368 2662 1566 2733 atque
1599 2655 1672 2717 in
1705 2656 1928 2718 eodem
1961 2675 2117 2718 uase
2152 2675 2433 2718 manere.

418 2766 590 2844 quod
626 2765 937 2843 quoniam
970 2772 1198 2829 nostro
1229 2785 1486 2843 quoque
1521 2771 1778 2828 constat
1814 2785 2085 2844 corpore
2121 2772 2372 2828 certum

417 2875 938 2954 dispositumque
970 2875 1242 2938 uidetur
1274 2875 1389 2937 ubi
1421 2895 1553 2937 esse
1587 2881 1652 2937 et
1685 2894 1970 2937 crescere
2004 2875 2210 2953 possit
2351 2865 2353 2867 ’
2626 2871 2729 2921 795

415 3005 669 3048 sorsum
703 2985 925 3050 anima
958 2991 1155 3062 atque
1191 2984 1468 3060 animuS,
1499 2991 1695 3047 tanto
1725 2984 1934 3062 magis
1968 2983 2393 3047 infitiandum

416 3101 630 3158 totum
664 3115 848 3172 posse
881 3102 1070 3158 extra
1102 3115 1341 3172 corpus
1374 3095 1617 3156 durare
1648 3093 1947 3172 genique.

336 3225 640 3282 —quare‚
675 3225 916 3282 corpus
947 3205 1061 3266 ubi
1094 3203 1371 3280 interiit,
1406 3203 1677 3281 periisse
1710 3210 2029 3266 necessest

419 3315 766 3378 confiteare
802 3313 1088 3377 animam
1119 3313 1508 3376 distractam
1543 3312 1615 3373 in
1649 3332 1919 3390 corpore
1953 3319 2111 3376 tot0.

420 3424 683 3503 Quippe
716 3424 956 3487 etenim
987 3423 1263 3486 mortale
1296 3430 1561 3486 aeterno
1595 3422 1868 3500 iungere
1900 3429 1964 3485 et
1996 3443 2131 3485 una
2627 3419 2729 3470 800

419 3533 785 3597 consentire
819 3540 1058 3611 putare
1092 3540 1156 3596 et
1191 3532 1388 3610 fungi
1422 3538 1660 3595 mutua
1691 3551 1877 3610 posse

419 3643 813 3722 desiperest;
845 3642 1006 3721 quid
1035 3642 1208 3706 enim
1238 3641 1568 3705 diuersius
1598 3661 1733 3704 esse
1763 3642 2201 3719 putandumst

420 3760 536 3816 aut
569 3752 779 3831 magis
813 3752 989 3815 inter
1023 3772 1088 3814 se
1123 3751 1528 3814 disiunctum
1563 3749 2150 3828 discrepitansque‚

421 3883 615 3940 quam
643 3863 919 3926 mortale
949 3862 1123 3940 quod
1151 3867 1249 3924 est
1279 3859 1685 3922 inmmortali
1713 3864 1910 3937 atque
1941 3859 2216 3937 perenni

422 3971 720 4036 iunctum
748 3973 822 4034 in
850 3970 1126 4035 concilio
1151 3990 1382 4033 saeuas
1410 3970 1693 4032 tolerare
1722 3968 2084 4047 procellas?
2627 3969 2732 4018 805

429 4103 527 4153 790
549 4104 684 4166 fort.
734 4102 890 4166 Quod
918 4100 968 4152 si
996 4099 1109 4151 iam
1139 4103 1323 4166 posset
1353 4100 1525 4150 multo

1419 4183 1567 4235 [107]
