3182 4602
1147 445 1250 496 DE
1285 445 1551 497 RERVM
1583 446 1896 497 NATVRA
1934 447 2001 497 11

544 678 850 737 purpura
881 659 1356 739 poeniceusque
1387 661 1563 724 color
1596 661 1993 726 clarissimu’
2024 663 2253 739 mult0,
2754 659 2849 709 830

540 767 778 832 filatim
807 790 957 833 cum
986 769 1381 834 distractum
1412 777 1527 848 est,
1562 771 1976 851 disperditur
2007 771 2234 835 omnis.

457 897 807 943 —noscere
837 884 916 942 ut
941 879 1097 943 hinc
1128 880 1338 959 possis
1366 881 1554 960 prius
1585 901 1841 944 omnem
1872 881 2082 946 efflare
2114 882 2394 945 colorem

541 987 909 1066 particulas
938 1009 1138 1066 quam
1166 989 1510 1054 discedant
1540 992 1626 1054 ad
1658 990 1906 1054 semina
1938 1010 2179 1054 rerum.

668 1099 1007 1162 Postremo
1033 1099 1344 1178 quoniam
1372 1120 1504 1163 non
1534 1100 1753 1164 omnia
1780 1120 2057 1179 corpora
2083 1120 2308 1165 uocem

538 1207 802 1272 mittere
837 1209 1138 1273 concedis
1169 1230 1381 1287 neque
1416 1210 1698 1286 odorem,
1736 1217 2089 1290 propterea
2122 1210 2200 1272 fit
2754 1207 2852 1256 835

538 1323 619 1380 ut
648 1337 782 1380 non
814 1319 1115 1382 omnibus
1147 1319 1492 1382 adtribuas
1522 1297 1779 1382 sonitus
1811 1327 1876 1383 et
1910 1321 2155 1383 odores,

538 1426 632 1490 sic
662 1427 867 1491 oculis
895 1429 1204 1506 quoniam
1233 1449 1366 1492 non
1397 1429 1620 1492 omnia
1648 1448 1912 1492 cernere
1943 1428 2226 1506 quimUS,

537 1536 704 1601 scire
732 1537 886 1602 licet
913 1539 1237 1617 quaedam
1264 1545 1402 1601 tam
1433 1545 1733 1602 constare
1763 1539 1923 1602 orba
1952 1538 2164 1602 colore

537 1667 736 1726 quam
766 1648 905 1710 sine
937 1648 1133 1711 odore
1163 1649 1303 1711 ullo
1331 1638 1655 1725 quaedam
1686 1647 2035 1726 sonituque
2067 1654 2337 1725 remota,

535 1777 655 1821 nec
682 1756 905 1821 minus
929 1758 1089 1821 haec
1119 1757 1412 1821 animum
1442 1777 1827 1836 cognoscere
1857 1777 2043 1835 posse
2072 1777 2369 1835 sagacem
2752 1755 2852 1805 840

536 1887 734 1946 quam
768 1886 935 1945 quae
968 1875 1124 1930 sunt
1159 1867 1307 1930 aliis
1339 1869 1535 1930 rebus
1569 1867 1841 1946 priuata
1873 1873 2123 1931 notare.

452 2158 759 2211 ATOMOS
794 2158 944 2209 NEC
979 2158 1342 2210 CALOBEM
1375 2159 1526 2210 NEC
1560 2158 1880 2210 ODOREM
1914 2158 2064 2210 NEC
2098 2158 2359 2210 SVCVM
2392 2159 2545 2210 NEC
2576 2159 2853 2211 FRIGVS

1196 2244 1346 2295 NEC
1387 2243 1751 2296 CALOREM
1791 2245 2104 2294 HABERE

663 2334 793 2397 Sed
827 2355 910 2398 ne
943 2333 1118 2396 forte
1154 2341 1349 2414 putes
1379 2335 1516 2397 solo
1546 2334 1829 2414 spoliata
1864 2334 2074 2397 colore

537 2464 815 2523 corpora
845 2443 1063 2523 prima
1094 2465 1376 2520 manere,
1412 2444 1611 2507 etiam
1643 2451 1895 2507 secreta
1923 2444 2172 2521 teporis

536 2560 693 2617 sunt
727 2574 803 2618 ac
838 2553 1112 2631 frigoris
1147 2554 1413 2631 omnino
1445 2553 1773 2631 calidique
1808 2553 2098 2631 uaporis,

448 2710 450 2715 ·
539 2671 604 2727 et
636 2664 859 2728 sonitu
888 2663 1115 2726 sterila
1149 2670 1213 2727 et
1244 2683 1401 2726 suco
1432 2664 1655 2727 ieiuna
1691 2663 2025 2740 feruntur,
2752 2661 2852 2711 845

537 2793 656 2835 nec
691 2772 944 2836 iaciunt
979 2775 1192 2836 ullum
1231 2774 1578 2851 proprium
1616 2775 1697 2836 de
1736 2793 2007 2851 corpore
2046 2774 2329 2836 odorem.

450 2880 710 2943 —sicut
745 2882 1105 2945 amaracini
1142 2883 1460 2945 blandum
1498 2889 1876 2959 stactaeque
1913 2882 2234 2959 liquorem
2264 2950 2267 2955 ,

537 2997 602 3052 et
631 2991 829 3053 nardi
859 2990 1102 3068 florem,
1135 2998 1362 3054 nectar
1394 2992 1508 3069 qui
1539 2991 1814 3054 naribus
1842 2992 2046 3069 halat,

537 3121 686 3163 cum
720 3100 938 3165 facere
968 3100 1298 3178 instituaS,
1333 3122 1480 3164 cum
1515 3101 1750 3179 primis
1783 3121 2096 3178 quaerere
2128 3122 2253 3179 par
2286 3108 2383 3165 est

505 3210 713 3288 (quod
747 3210 900 3273 licet
932 3230 1007 3273 ac
1039 3211 1246 3289 possis
1277 3211 1603 3288 reperire)
1647 3210 1957 3274 inolentis
1989 3210 2151 3273 oliui
2365 3276 2371 3281 ,
2657 3266 2662 3271 .
2751 3210 2849 3260 850

536 3327 866 3397 naturam,
901 3321 1154 3384 nullam
1189 3341 1354 3397 quae
1387 3320 1613 3383 mittat
1649 3320 1924 3383 naribus
1958 3341 2209 3398 auram,

537 3451 734 3508 quam
765 3429 1033 3493 minime
1064 3438 1142 3504 ut
1174 3430 1379 3508 possit
1409 3430 1649 3509 mixtos
1682 3430 1752 3491 in
1785 3450 2055 3508 corpore
2089 3431 2321 3493 odores

535 3547 999 3617 concoctosque
1035 3560 1155 3603 suo
1188 3547 1609 3603 contractans
1645 3541 1920 3618 perdere
1957 3539 2139 3617 uiro;

449 3657 890 3737 —propterea
922 3652 1190 3721 tandem
1217 3652 1466 3714 debent
1499 3650 1867 3731 primordia
1902 3670 2125 3713 rerum

534 3779 668 3822 non
701 3760 1011 3824 adhibere
1045 3780 1236 3823 suum
1268 3760 1629 3840 gignundis
1662 3761 1859 3823 rebus
1892 3761 2155 3822 odorem
2748 3758 2845 3807 855

534 3890 652 3933 nec
683 3870 989 3947 sonitum,
1026 3870 1336 3947 quoniam
1367 3870 1464 3931 nil
1496 3871 1578 3933 ab
1612 3890 1678 3935 se
1710 3870 1973 3933 mittere
1994 3876 2302 3959 possunt,

557 4001 660 4051 850
679 4002 824 4063 ναῖς.
857 4001 1034 4065 quoad

558 4069 661 4130 854
679 4072 912 4133 propter
941 4070 1178 4119 eandem
1213 4070 1461 4127 <rem>

1543 4225 1658 4277 [68]
