3182 4602
1225 387 1286 436 T.
1327 386 1568 437 LVGBE
1574 386 1655 436 TI
1694 386 1872 437 CARI

475 599 759 676 pellibus
789 606 854 662 et
884 599 1112 677 spoliis
1143 620 1382 678 corpus
1410 600 1658 664 uestire
1690 601 2007 678 ferarum,

473 710 588 772 sed
618 729 885 773 nemora
918 717 1115 787 atque
1149 730 1346 773 cauos
1376 711 1620 774 montis
1651 711 1981 788 siluasque
2016 712 2317 774 colebant
2683 707 2788 757 955

473 826 538 882 et
571 818 849 882 frutices
881 819 1056 883 inter
1087 821 1455 883 condebant
1485 820 1791 898 squalida
1822 822 2117 885 membra

471 929 751 992 uerbera
784 936 1138 992 uentorum
1169 929 1387 992 uitare
1421 930 1779 1007 imbrisque
1815 930 2040 994 coacti.

471 1058 589 1101 nec
620 1059 960 1102 commune
990 1041 1236 1103 bonum
1267 1047 1576 1118 poterant
1608 1048 1905 1119 spectare
1934 1061 2145 1118 neque
2175 1040 2333 1104 ullis

469 1148 762 1212 moribus
793 1149 969 1212 inter
1001 1169 1067 1212 sc
1099 1149 1356 1213 scibant
1389 1170 1508 1213 nec
1539 1150 1798 1228 legibus
1826 1150 1949 1214 uti.

470 1259 646 1336 quod
679 1258 914 1336 cuique
949 1260 1279 1322 obtulerat
1312 1261 1599 1338 praedae
1633 1259 1926 1337 fortuna,
1963 1260 2221 1324 ferebat
2681 1259 2783 1308 960

469 1375 702 1445 sponte
734 1389 854 1432 sua
885 1369 1011 1431 sibi
1043 1369 1318 1447 quisque
1350 1371 1574 1434 ualere
1608 1376 1673 1433 et
1704 1370 1933 1433 uiuere
1966 1371 2219 1434 doctus.

470 1485 534 1541 et
564 1477 794 1541 Venus
822 1478 893 1540 in
924 1478 1112 1542 siluis
1143 1479 1459 1557 iungebat
1492 1499 1772 1558 corpora
1802 1487 2177 1557 amantum3

467 1587 860 1651 conciliabat
892 1589 1067 1650 enim
1099 1590 1208 1651 uel
1241 1596 1477 1652 mutua
1509 1609 1835 1668 quamque
1870 1589 2115 1668 cupido

466 1699 575 1760 uel
605 1698 902 1762 uiolenta
931 1698 1067 1761 uiri
1099 1699 1204 1762 uis
1238 1705 1435 1776 atque
1469 1699 1750 1778 inpensa
1779 1699 1988 1763 libido

465 1808 575 1870 uel
608 1807 916 1886 pretium,
950 1809 1224 1886 glandes
1257 1815 1454 1886 atque
1489 1809 1707 1873 arbita
1737 1811 1846 1872 uel
1880 1809 2032 1886 pira
2059 1810 2248 1872 lecta.
2676 1807 2782 1858 965

468 1925 530 1981 et
563 1938 881 1981 manuum
911 1918 1084 1982 mira
1116 1918 1278 1982 freti
1310 1919 1565 1982 uirtute
1602 1921 1973 1998 pedumque

465 2028 1013 2091 consectabantur
1045 2029 1376 2092 silvestria
1407 2030 1621 2093 saecla
1655 2029 1951 2093 ferarum

464 2137 820 2200 missilibus
850 2138 1027 2201 saxis
1056 2145 1120 2202 et
1150 2159 1391 2217 magno
1420 2140 1711 2218 pondere
1742 2141 2002 2215 clauae;
2674 2137 2779 2187 975

463 2247 803 2326 multaque
837 2247 1212 2325 uincebant‚
1249 2248 1558 2313 uitabant
1598 2270 1809 2328 pauca
1845 2249 2149 2327 latebris;
2675 2247 2777 2296 968

462 2358 930 2436 saetigerisque
962 2379 1154 2437 pares
1183 2360 1386 2423 subus
1415 2360 1749 2424 siluestria
1778 2362 2069 2425 membra

461 2468 645 2531 nuda
689 2468 1097 2539 <da>bant
1131 2475 1347 2532 terrae
1383 2476 1710 2533 nocturno
1743 2477 2037 2547 tempore
2074 2471 2271 2549 capti,
2674 2468 2777 2518 970

463 2576 710 2639 circum
742 2598 807 2640 se
842 2577 1022 2641 foliis
1054 2599 1128 2642 ac
1163 2578 1515 2642 frondibus
1546 2580 1983 2643 inuoluentes.

374 2708 580 2750 —nec
614 2687 931 2766 plangore
964 2688 1136 2751 diem
1170 2709 1410 2766 magno
1438 2691 1767 2767 solemque
1802 2710 1921 2767 per
1956 2710 2149 2768 agros

461 2798 865 2873 quaerebant
900 2798 1134 2875 pauidi
1169 2800 1470 2876 palantes
1503 2799 1717 2863 noctis
1748 2800 1819 2861 in
1851 2800 2122 2877 umbriS,

461 2907 574 2969 sed
607 2907 797 2969 taciti
830 2910 1290 2985 respectabant
1323 2929 1675 2986 somnoque
1712 2909 1974 2987 sepulti,
2671 2909 2775 2957 974

460 3016 618 3078 dum
649 3037 833 3080 rosea
865 3016 1010 3080 face
1039 3019 1135 3080 sol
1166 3017 1448 3081 inferret
1480 3018 1733 3082 lumina
1766 3019 1961 3081 caelo,
2153 3091 2164 3100 ,

459 3147 500 3188 a
530 3126 760 3203 paruis
792 3128 967 3203 quod
1000 3127 1174 3191 enim
1206 3134 1601 3191 consuerant
1634 3148 1899 3192 cernere
1931 3150 2187 3207 semper

459 3236 717 3297 alterno
748 3238 1053 3300 tenebras
1089 3244 1153 3300 et
1187 3237 1398 3301 lucem
1434 3245 1727 3316 tempore
1765 3238 1969 3316 gigni,

457 3365 590 3407 non
623 3353 765 3409 erat
794 3353 872 3409 ut
901 3346 1046 3409 fieri
1079 3354 1295 3424 posset
1325 3347 1632 3411 mirarier
1662 3368 1975 3425 umquam

457 3475 575 3517 nec
611 3455 905 3519 diffidere
939 3477 1021 3518 ne
1057 3463 1280 3520 terras⁴
1306 3464 1576 3520 aeterna
1609 3465 1863 3521 teneret
2666 3457 2771 3507 980

456 3584 586 3626 nox
622 3564 692 3627 in
726 3573 1122 3644 perpetuum
1156 3567 1454 3629 detracto
1486 3566 1735 3631 lumine
1767 3567 1939 3630 solis,

455 3674 569 3735 sed
599 3675 810 3752 magis
837 3675 1008 3738 illud
1039 3683 1181 3739 erat
1212 3696 1427 3751 curae,
1461 3677 1634 3753 quod
1667 3678 1878 3740 saecla
1910 3676 2206 3741 ferarum

421 3864 432 3879 '
456 3783 770 3847 infestam
800 3784 1057 3847 miseris
1087 3783 1422 3848 faciebant
1455 3806 1649 3863 saepe
1679 3786 1984 3863 quietem.

457 3892 771 3971 eiectique
802 3895 995 3956 domo
1023 3893 1371 3972 fugiebant
1402 3915 1600 3958 saxea
1628 3901 1801 3959 tecta

455 4002 816 4080 spumigeri
847 4004 982 4066 suis
1013 4004 1311 4066 aduentu
1341 4004 1683 4082 ualidique
1713 4004 1919 4068 leonis
2666 4005 2769 4054 985

1436 4172 1582 4223 [197]
