3182 4602
1141 408 1244 459 DE
1279 408 1546 459 RERVM
1580 408 1892 460 NATVBA
1930 408 2019 461 11⁷

556 629 621 686 et
652 623 1068 703 dispargitur
1097 625 1185 688 ad
1215 624 1430 704 partis
1459 624 1555 689 ita
1585 646 1879 704 quasque
1908 624 2203 689 minutas
2772 618 2873 669 895

557 733 868 813 corporis.
941 732 1050 797 hic
1080 732 1292 812 igitur
1324 736 1520 798 rebus
1549 735 1627 799 fit
1658 734 1994 813 utrimque
2026 730 2305 811 duabus,
2630 730 2637 737 ’

557 862 796 922 corpus
825 850 903 906 ut
935 864 1011 907 88
1041 843 1236 907 1181118
1265 844 1434 907 118118
1464 852 1795 923 uentoque
1826 843 2109 907 feratur.

471 972 674 1015 -nec
705 958 928 1016 tamen
955 952 1126 1016 illud
1155 954 1228 1015 in
1254 954 1358 1016 his
1386 955 1584 1018 rebus
1612 953 1911 1017 mirabile
1940 959 2219 1030 constat,

495 1078 500 1087 ·
555 1062 824 1126 tantula
852 1064 1030 1141 quod
1060 1070 1326 1127 tantum
1358 1083 1599 1143 corpus
1628 1062 2021 1142 corpuscula
2052 1068 2329 1142 possunt

557 1178 987 1250 contorquere
1021 1179 1088 1236 et
1121 1192 1286 1236 onus
1319 1177 1534 1236 totum
1565 1178 1949 1236 conuertere
1980 1178 2302 1235 nostrum.
2773 1168 2872 1217 900

557 1282 804 1361 quippe
835 1281 1079 1345 etenim
1108 1289 1351 1345 uentus
1383 1281 1619 1361 suptili
1651 1299 1923 1361 corpore
1953 1280 2175 1346 tenuis

555 1392 774 1456 trudit
807 1412 1008 1470 agens
1037 1411 1346 1471 magnam
1375 1411 1619 1470 magno
1647 1391 1978 1454 molimine
2011 1411 2252 1455 nauem

557 1508 623 1565 et
653 1522 888 1565 manus
916 1522 1056 1566 una
1084 1501 1257 1580 regit
1287 1501 1645 1579 quantouis
1676 1500 1918 1579 impete
1948 1508 2215 1565 euntem

556 1617 754 1689 atque
791 1612 1264 1689 gubernaclum
1301 1617 1692 1688 contorquet
1726 1610 2021 1688 quolibet
2052 1630 2281 1687 unum,

555 1720 914 1799 multaque,
949 1741 1068 1799 per
1100 1722 1378 1785 trocleas
1412 1727 1477 1785 et
1510 1728 1851 1798 tympana,
1888 1720 2179 1798 pondere
2213 1739 2451 1797 magno
2771 1716 2871 1765 905

557 1838 917 1894 commouet
953 1836 1150 1909 atque
1185 1831 1320 1893 leui
1354 1830 1644 1894 sustollit
1678 1829 1985 1893 machina
2014 1829 2186 1892 nisu.

975 2105 1074 2155 DE
1117 2104 1378 2156 SOMNO
1421 2104 2039 2171 QVEMADMODVM
2080 2105 2261 2154 FIAT

682 2194 876 2256 Nunc
906 2193 1147 2271 quibus
1173 2193 1283 2257 ille
1313 2194 1522 2256 modis
1551 2213 1819 2257 somnus
1849 2214 1968 2271 per
1998 2195 2289 2257 membra
2319 2192 2607 2271 quietem

558 2304 803 2382 inriget
837 2311 1033 2382 atque
1065 2304 1269 2367 animi
1301 2324 1493 2367 curas
1526 2324 1560 2366 e
1595 2312 1857 2382 pectore
1891 2305 2126 2381 soluat,

557 2413 918 2476 suauidicis
953 2413 1174 2493 potius
1209 2434 1405 2491 quam
1441 2413 1670 2476 multis
1705 2413 2009 2477 uersibus
2043 2414 2269 2490 edam;

559 2542 812 2600 paruus
841 2530 919 2585 ut
951 2530 1047 2586 est
1078 2523 1276 2602 cygni
1307 2522 1538 2586 melior
1568 2543 1788 2600 canor,
1822 2511 1932 2584 i'lle
1966 2543 2209 2602 gruum
2240 2543 2437 2600 quam
2772 2519 2871 2568 910

559 2633 804 2695 clamor
837 2631 907 2692 in
945 2632 1253 2695 aetheriis
1288 2632 1626 2711 dispersus
1660 2633 1949 2695 nubibus
1985 2632 2216 2696 austri.

561 2746 636 2804 tu
667 2742 829 2803 mihi
861 2742 948 2805 da
980 2742 1198 2804 tenuis
1230 2742 1413 2804 auris
1444 2742 1866 2820 animumque
1897 2762 2214 2820 sagacem,

557 2871 639 2913 ne
668 2851 814 2914 fieri
842 2851 1095 2928 negites
1126 2872 1292 2929 quae
1322 2852 1540 2915 dicam
1569 2871 1756 2930 posse
1786 2858 2094 2930 retroque

557 2982 721 3024 uera
755 2961 1125 3039 repulsanti
1159 2961 1458 3024 discedas
1494 2968 1757 3038 pectore
1791 2961 1991 3038 dicta,

557 3071 824 3134 tutimet
857 3070 929 3131 in
960 3072 1159 3149 culpa
1190 3091 1340 3133 cum
1372 3071 1461 3134 sis
1492 3090 1704 3148 neque
1738 3090 2002 3133 cernere
2036 3070 2262 3148 possis
2772 3068 2870 3117 915

559 3180 902 3258 Principio
933 3200 1200 3244 somnus
1231 3181 1308 3243 fit
1343 3181 1459 3243 ubi
1495 3187 1591 3243 est
1629 3180 1949 3243 distracta
1983 3201 2102 3258 per
2137 3186 2324 3243 artus

559 3291 663 3352 uis
695 3290 950 3353 animae
982 3273 1359 3368 partimque
1393 3289 1577 3352 foras
1610 3289 1813 3353 eiecta
1846 3289 2110 3352 recessit
2202 3311 2208 3318 ·

559 3406 623 3463 et
653 3399 899 3476 partim
928 3406 1241 3462 contrusa
1267 3399 1477 3477 magis
1506 3398 1821 3462 concessit
1849 3398 1919 3460 in
1950 3399 2194 3475 altum3

495 3501 500 3508 ’
559 3509 1016 3572 dissoluuntur
1050 3508 1223 3572 enim
1256 3517 1399 3572 tum
1433 3509 1698 3571 demum
1728 3508 2019 3570 membra
2052 3507 2419 3585 fluuntque.

559 3640 714 3683 nam
741 3619 1020 3682 dubium
1050 3638 1183 3681 non
1217 3625 1332 3695 est,
1367 3617 1615 3681 animai
1646 3617 1807 3695 quin
1840 3629 2039 3694 opera
2070 3616 2157 3680 sit
2773 3615 2870 3664 920

559 3750 788 3794 sensus
817 3729 922 3792 hic
954 3729 1026 3791 in
1056 3727 1264 3804 nobiS,
1299 3748 1493 3805 quem
1524 3748 1673 3790 cum
1704 3746 1899 3804 sopor
1933 3726 2193 3803 inpedit
2223 3746 2377 3804 esse,

557 3848 701 3904 tum
731 3839 920 3902 nobis
949 3839 1236 3902 animam
1268 3838 1730 3916 perturbatam
1758 3855 1893 3898 8888
1925 3836 2365 3913 putandumst

580 3972 682 4021 896
705 3972 839 4033 fort.
868 3970 946 4020 sic

581 4040 682 4089 897
703 4037 944 4103 corporis
972 4041 1036 4088 ut
1063 4051 1128 4088 ac
1193 4037 1329 4100 fort.
1361 4035 1569 4086 scilicet
1598 4039 1661 4086 ut
1690 4035 1849 4085 nauis

1549 4187 1697 4239 [150]
