3182 4602
1141 873 1213 934 T.
1248 869 1645 976 LVCRETI
1686 869 1902 935 CARI

965 1051 1116 1125 DE
1157 1050 1567 1125 RERVM
1607 1049 2081 1125 NATVRA
2214 1081 2221 1088 ·

1230 1227 1436 1310 LOEER
1468 1225 1815 1308 SECVNDVS

639 1494 877 1573 Suaue,
912 1495 1082 1558 mari
1115 1516 1354 1573 magno
1387 1495 1815 1559 turbantibus
1848 1516 2133 1573 aequora
2167 1495 2405 1572 uentis,
2452 1539 2457 1542 -

510 1624 544 1666 e
574 1611 754 1668 terra
786 1626 1098 1683 magnum
1131 1606 1404 1668 alterius
1435 1613 1732 1684 spectare
1765 1607 2088 1682 laborem3

509 1735 644 1777 non
677 1715 832 1792 quia
866 1715 1098 1778 uexari
1133 1723 1588 1793 quemquamst
1624 1715 1915 1778 iucunda
1948 1717 2277 1793 uoluptas3

509 1826 625 1887 sed
655 1825 892 1902 quibus
926 1825 1064 1902 ipse
1095 1826 1286 1888 malis
1318 1846 1540 1888 careas
1571 1825 1728 1902 quia
1762 1845 2025 1887 cernere
2058 1831 2408 1888 suauecst.

510 1955 713 1998 suaue
744 1934 941 1998 etiam
973 1935 1130 1998 belli
1159 1936 1520 1998 certamina
1549 1956 1790 2012 magna
1821 1929 1997 1998 tueri

511 2064 630 2122 per
661 2065 922 2122 campos
953 2044 1280 2108 instructa
1311 2053 1432 2108 tua
1459 2046 1599 2107 sine
1629 2052 1820 2123 parte
1851 2045 2117 2123 pericli;

509 2155 623 2217 sed
653 2155 750 2216 nil
782 2155 1041 2218 dulcius
1071 2163 1186 2232 est,
1217 2157 1381 2219 bene
1411 2176 1611 2232 quam
1639 2155 1899 2218 munita
1929 2162 2171 2232 tenere,

511 2264 687 2328 edita
719 2265 1025 2329 doctrina
1053 2265 1447 2343 sapientum,
1477 2267 1726 2343 templa
1756 2285 2004 2342 serena,

509 2376 844 2452 despicere
864 2374 1053 2439 'unde
1087 2397 1287 2453 queas
1319 2376 1480 2439 alios
1513 2376 1885 2453 passimque
1918 2376 2147 2439 uidere

511 2505 731 2548 errare
765 2493 962 2563 atque
994 2485 1172 2549 uiam
1204 2486 1496 2564 palantis
1528 2506 1841 2562 quaerere
1875 2485 2074 2563 uitae,

511 2602 762 2659 certare
796 2596 1078 2673 ingenio,
1116 2598 1509 2659 contendere
1543 2596 1907 2672 nobilitate,

510 2713 730 2767 noctes
763 2713 958 2782 atque
993 2706 1130 2767 dies
1163 2706 1290 2767 niti
1324 2711 1703 2783 praestante
1737 2703 1958 2768 labore

512 2816 595 2877 ad
625 2836 910 2877 summas
941 2836 1269 2893 emergere
1300 2836 1453 2893 opes
1482 2836 1835 2892 rerumque
1867 2814 2089 2893 potiri.

937 2921 1234 2971 ZAPKOS
1282 2922 1673 2973 EYzTAeES
1722 2920 2205 2971 ΚΑΤ-ΑΣΤΗΜΑ

429 3031 547 3072 -ο
577 3010 847 3073 miseras
876 3011 1214 3074 hominum
1243 3016 1510 3087 mentes,
1545 3032 1583 3073 o
1614 3018 1884 3089 pectora
1914 3013 2136 3074 caeca!

511 3120 814 3196 qualibus
843 3120 913 3181 in
944 3121 1230 3183 tenebris
1260 3121 1440 3184 uitae
1471 3121 1869 3197 quantisque
1899 3120 2166 3198 periclis

511 3230 776 3307 degitur
806 3232 927 3293 hoc
961 3230 1108 3293 aeui
1141 3232 1694 3307 quodcumquest!
1730 3250 1948 3293 nonne
1979 3230 2208 3293 uidere

510 3339 606 3400 nil
635 3340 817 3403 aliud
845 3340 970 3403 sibi
999 3348 1309 3403 naturam
1340 3342 1607 3416 latrare,
1637 3339 1766 3401 nisi
1793 3340 1987 3417 utqui
2056 3384 2063 3390 -

511 3470 780 3528 corpore
817 3450 1154 3513 seiunctus
1188 3451 1375 3512 dolor
1413 3450 1602 3526 absit,
1641 3457 1857 3513 mente
1897 3450 2171 3512 fruatur

511 3558 800 3622 iucundo
831 3580 1025 3622 sensu
1061 3581 1220 3622 cura
1255 3566 1500 3622 semota
1534 3563 1886 3636 metuque?

423 3689 666 3746 —ergo
693 3689 1071 3747 corpoream
1103 3670 1188 3732 ad
1218 3677 1530 3734 naturam
1561 3690 1776 3747 pauca
1805 3669 2109 3731 uidemus

510 3799 643 3841 esse
675 3800 838 3857 opus
871 3779 1152 3856 omnino,
1187 3800 1354 3856 quae
1389 3780 1657 3842 demant
1689 3800 1977 3855 cumque.
1999 3780 2322 3841 dolorem...

421 3888 778 3951 ——delicias
807 3909 1062 3966 quoque
1093 3890 1196 3952 uti
1227 3890 1473 3967 multas
1503 3891 1917 3951 substernere
1953 3888 2206 3966 possint

567 4021 631 4069 18
651 4022 795 4081 vulg.
829 4035 1094 4084 mensque

1556 4173 1673 4224 [39]

2759 2484 2823 2531 10

2757 3117 2824 3166 15

2756 3666 2823 3714 20
