3182 4602
344 666 422 707 ex
452 646 715 709 homine
742 648 1110 711 humanum
1145 669 1362 711 semen
1395 648 1522 711 ciet
1551 669 1691 711 una
1721 648 2003 711 hominis
2033 647 2192 725 uis.)

345 756 520 833 quod
553 756 749 819 simul
781 764 978 834 atque
1010 758 1147 820 suis
1179 758 1457 821 eiectum
1489 758 1753 821 sedibus
1784 758 1937 834 exit,

344 885 464 943 per
495 867 791 929 membra
821 873 1019 944 atque
1053 874 1240 930 artus
1273 858 1839 945 decediteorpore
1870 872 2011 930 toto

344 974 413 1036 in
446 976 590 1039 loca
622 976 1020 1039 conueniens
1051 997 1408 1040 neruorum
1444 983 1626 1040 certa
1659 977 1913 1053 cietque

345 1085 659 1148 continuo
694 1086 907 1164 partis
943 1086 1250 1163 genitalis
1289 1086 1581 1165 eorporis
1621 1086 1816 1165 ipsas.

345 1194 625 1258 inritata
654 1201 915 1259 tument
943 1197 1088 1259 loca
1119 1196 1363 1259 semine
1393 1196 1599 1273 fitque
1632 1197 1945 1259 uoluntas

1091 433 1151 484 Τ.
1193 433 1518 485 LVGRETI
1559 433 1737 484 CARI
1747 474 1755 478 ,.

345 1304 549 1368 eicere
583 1304 653 1367 id
687 1325 817 1383 quo
847 1326 913 1367 se
945 1306 1286 1368 contendit
1319 1306 1468 1368 dira
1499 1305 1747 1382 lubido,

316 1414 578 1491 [incitat
612 1414 902 1477 inritans
931 1415 1074 1478 loca
1103 1414 1651 1493 turgidasemine
1683 1415 1922 1493 multo]

343 1524 541 1601 idque
572 1524 742 1602 petit
771 1544 1029 1602 eorpuS‚
1059 1546 1242 1589 mens
1272 1526 1449 1588 unde
1481 1532 1576 1588 est
1606 1524 1830 1587 saucia
1861 1544 2097 1588 amore.

345 1654 626 1711 namque
649 1655 881 1697 omnes
918 1636 1306 1712 plerumque
1342 1636 1590 1698 eadunt
1627 1635 1698 1696 in
1732 1636 1971 1698 uolnus
2006 1622 2069 1699 et
2104 1634 2288 1697 illam

344 1744 578 1807 emieat
609 1744 681 1805 in
713 1751 972 1822 partem
1005 1744 1274 1822 sanguis
1305 1745 1483 1807 unde
1516 1744 1754 1807 ieimur
1788 1744 1943 1820 ietn,

345 1856 412 1915 et
443 1854 498 1916 si
534 1854 895 1916 comminus
930 1861 1043 1931 est,
1082 1855 1331 1917 hostem
1368 1856 1567 1917 ruber
1602 1860 1883 1932 occupat
1918 1874 2126 1917 umor.

267 1962 435 2025 —sie
467 1963 677 2041 igitur
708 1964 987 2027 Veneris
1020 1964 1135 2041 qui
1166 1964 1318 2027 telis
1350 1964 1590 2042 accipit
1624 1964 1813 2040 ietuS,

345 2074 481 2137 siue
516 2094 684 2157 puer
715 2073 1024 2136 membris
1056 2074 1487 2136 muliebribus
1521 2075 1697 2137 hune
1732 2074 2063 2137 iaculatur

345 2203 456 2246 seu
487 2183 728 2257 mulier
757 2190 900 2247 toto
930 2184 1185 2246 iactans
1214 2205 1246 2246 e
1281 2204 1552 2262 corpore
1585 2204 1889 2260 amorem,

344 2294 520 2356 unde
555 2292 821 2371 feritur,
849 2315 934 2358 -eo
961 2294 1179 2357 tendit
1213 2294 1537 2373 gestitque
1571 2294 1757 2358 coire·

345 2410 409 2467 et
438 2403 650 2467 iacere
678 2424 971 2467 umorem
1002 2404 1071 2466 in
1102 2425 1340 2482 eorpus
1371 2405 1450 2468 de
1481 2424 1753 2482 corpore
1783 2406 2092 2481 duetum3

345 2534 626 2591 namque
663 2515 1077 2592 uoluptatem
1115 2514 1449 2591 praesagit
1484 2521 1671 2577 muta
1708 2514 1969 2592 eupidO.

471 2708 654 2782 Haec
683 2710 910 2771 Venus
942 2716 1038 2772 est
1068 2709 1288 2785 nobis;
1321 2709 1475 2771 hine
1509 2714 1792 2772 autemst
1822 2728 2058 2771 nomen
2093 2709 2350 2786 amoris,

346 2817 501 2880 hine
531 2818 722 2882 illaec
757 2818 1047 2896 primum
1080 2819 1359 2882 Veneris
1394 2818 1764 2882 dulcedinis
1800 2818 1869 2879 in
1907 2839 2017 2880 eor

347 2927 628 2990 stillauit
663 2935 855 3010 gutta
887 2935 951 2990 et
985 2928 1292 2991 suecessit
1326 2928 1580 3005 frigida
1614 2944 1791 2990 eura.

318 3037 502 3112 (nam
533 3037 589 3100 si
625 3038 804 3100 abest
840 3039 1015 3124 qued
1049 3058 1222 3114 aueS,
1259 3044 1524 3115 praesto
1557 3037 1910 3100 simulacra
1942 3044 2163 3100 tamen
2197 3044 2355 3100 sunt

348 3147 526 3210 illius
557 3155 620 3212 et
651 3168 888 3211 nomen
919 3148 1108 3210 dulce
1141 3149 1531 3210 obuersatur
1563 3147 1648 3209 ad
1680 3147 1914 3222 auris.)

269 3258 458 3319 —sed
494 3257 788 3336 fugitare
822 3259 1006 3320 decet
1039 3257 1391 3320 simulacra
1423 3263 1488 3319 et
1521 3257 1768 3334 pabula
1803 3255 2042 3319 amoris

349 3368 712 3430 absterrere
745 3367 871 3430 sibi
904 3374 1101 3445 atque
1135 3367 1264 3430 alio
1297 3373 1685 3430 conuortere
1719 3373 2003 3429 mentem

349 3482 412 3538 et
444 3476 653 3540 iacere
683 3497 976 3541 umorem
1007 3478 1372 3540 conlectum
1404 3476 1473 3538 in
1507 3495 1785 3553 corpora
1816 3495 2109 3553 quaeque

349 3607 465 3650 nee
499 3587 805 3662 retinere,
840 3587 1037 3648 semel
1074 3588 1462 3649 conuersum
1497 3584 1699 3649 unius
1736 3605 1971 3661 amore,

350 3703 415 3758 et
442 3715 708 3759 seruare
737 3695 864 3758 sibi
893 3715 1120 3757 euram
1150 3701 1528 3772 certumque
1559 3696 1877 3758 dolorem..

349 3806 534 3868 uleus
569 3805 742 3869 enim
777 3803 1059 3868 uiueseit
1096 3810 1160 3867 et
1196 3804 1620 3867 inueteraseit
1656 3805 1894 3868 alendo

340 3935 470 3986 1057
494 3937 628 3998 fort.
657 3934 771 3986 cita

339 4004 469 4052 1058
491 4004 635 4064 vulg.
662 4018 874 4054 momen

341 4072 472 4121 1061
493 4079 642 4122 ames

1338 4215 1485 4266 [155]

2497 696 2501 700 ,
2523 642 2657 692 1040

2522 1192 2659 1241 1045

2524 1741 2658 1790 1050

2524 2291 2659 2340 1055

2526 2925 2661 2974 1060

2527 3473 2663 3522 1065
