3182 4602
1310 375 1372 424 T.
1409 374 1733 424 LVGRETI
1771 374 1950 424 CARI

483 590 968 652 —alterutrum
1004 588 1282 652 fatearis
1314 588 1487 652 enim
1521 608 1871 666 sumasque
1905 593 2244 652 necessest.

570 719 850 777 quorum
883 706 1241 776 utrumque
1271 698 1396 762 tibi
1429 698 1748 776 effugium
1782 697 2157 776 praecludit
2190 704 2255 760 et
2289 716 2475 759 omne

570 809 744 887 cogit
773 815 849 872 ut
880 816 1182 886 exempta
1212 810 1526 871 concedas
1556 808 1687 869 fine
1716 815 1962 886 patere.

541 920 727 995 (nam
765 919 902 981 siue
940 927 1037 981 est
1072 918 1310 996 aliquit
1347 919 1521 996 quod
1560 919 1834 996 probeat
1872 916 2239 993 officiatque

571 1027 916 1105 quominu'
951 1048 1081 1105 quo
1111 1027 1379 1089 missum
1412 1034 1508 1089 est
1539 1026 1769 1089 ueniat
1799 1025 2046 1102 finique
2078 1026 2245 1087 locet
2276 1044 2362 1101 se,

569 1138 707 1200 siue
743 1137 924 1200 foras
959 1137 1198 1213 fertur,
1235 1157 1367 1200 non
1401 1144 1498 1199 est
1532 1158 1572 1199 a
1604 1137 1733 1197 fine
1769 1134 2197 1213 profectum.)

485 1248 691 1309 —hoc
725 1254 920 1324 pacto
950 1266 1186 1323 sequar
1221 1252 1436 1322 atque,
1471 1265 1619 1307 oras
1649 1245 2044 1320 ubicumque
2076 1233 2315 1305 locaris

573 1362 914 1433 extremas
955 1377 1300 1433 quaeram:
1341 1354 1503 1432 quid
1542 1356 1675 1417 telo
1712 1351 1996 1430 denique
2035 1353 2190 1415 fiet?

570 1465 682 1526 fiet
714 1464 816 1527 uti
847 1485 1172 1541 nusquam
1205 1463 1410 1542 possit
1444 1463 1795 1526 consistere
1828 1462 1979 1524 finis
2170 1453 2175 1458 ’

573 1575 1019 1652 effugiumque
1059 1573 1260 1651 fugae
1299 1574 1586 1651 prolatet
1628 1573 1815 1650 copia
1853 1592 2127 1649 semper.

537 1761 544 1766 ‚
572 1690 915 1761 praeterea
948 1684 1240 1761 spatium
1275 1673 1554 1746 ‘summai
1587 1682 1793 1744 totius
1828 1701 2015 1744 omne
2046 1677 2051 1679 ’

569 1794 865 1871 undique
895 1793 950 1856 si
979 1788 1305 1856 inclusum
1336 1791 1534 1855 certis
1561 1792 1945 1854 consisteret
1975 1791 2110 1854 oris

570 1904 962 1980 finitumque
994 1903 1187 1980 foret,
1224 1903 1354 1966 iam
1387 1902 1577 1980 copia
1610 1901 1913 1964 materiai
2000 1895 2005 1902 ’

572 2013 866 2090 undique
902 2009 1304 2090 ponderibus
1339 2012 1564 2075 solidis
1600 2011 1929 2074 confluxet
1964 2011 2049 2074 ad
2084 2005 2291 2072 imum

572 2144 690 2186 nec
724 2144 828 2185 res
861 2125 1001 2185 ulla
1031 2122 1171 2200 geri
1203 2124 1324 2184 sub
1357 2123 1520 2185 caeli
1552 2122 1839 2199 tegmine
1874 2127 2090 2198 posset

572 2254 691 2296 nec
726 2233 899 2295 foret
936 2232 1202 2294 omnino
1233 2233 1485 2295 caelum
1518 2253 1739 2309 neque·
1765 2231 2019 2294 lumina
2050 2230 2223 2307 solis,

573 2344 820 2421 quippe
849 2343 964 2406 ubi
993 2343 1300 2406 materies
1328 2343 1539 2405 omnis
1565 2343 1902 2405 cumulata
1932 2342 2173 2405 iaceret

574 2476 653 2517 ex
686 2453 950 2516 infinito
981 2454 1110 2515 iam
1145 2460 1437 2530 tempore
1470 2452 1889 2516 subsidendo,

488 2570 644 2625 —at
675 2584 853 2626 nunc
885 2563 1201 2625 nimirum
1235 2562 1492 2639 requies
1525 2563 1688 2624 data
1719 2561 2202 2639 principiorum

573 2673 958 2750 corporibus
991 2674 1258 2749 nullast,
1295 2672 1452 2749 quia
1485 2672 1581 2733 nil
1618 2679 1714 2734 est
1749 2671 2060 2734 funditus
2094 2670 2299 2732 imum

573 2803 705 2860 quo
731 2782 920 2859 quasi
951 2782 1275 2845 confluere
1306 2788 1371 2844 et
1399 2783 1581 2843 sedes
1611 2782 1727 2844 ubi
1757 2800 1999 2858 ponere
2031 2780 2303 2857 possint.

574 2913 829 2969 semper
861 2892 930 2953 in
963 2892 1240 2955 adsiduo
1268 2898 1452 2953 motu
1484 2912 1587 2953 res
1620 2911 1915 2967 quaeque
1946 2895 2274 2967 geruntur
2318 2942 2321 2947 .

574 3002 878 3081 partibus
926 3003 1107 3073 <e>
1155 3001 1417 3064 cunctis.
1449 3001 1844 3077 infernaque
1882 2999 2403 3077 suppeditantur

575 3134 653 3175 ex
688 3112 951 3174 infinito
983 3112 1116 3174 cita
1149 3131 1424 3189 corpora
1459 3109 1781 3173 materiai.

574 3229 906 3299 postremo
939 3228 1090 3283 ante
1127 3222 1347 3283 oculos
1379 3241 1484 3283 res
1520 3240 1659 3281 rem
1693 3220 1883 3280 finire
1919 3220 2208 3282 uidetur.

576 3352 688 3393 aer
718 3330 1037 3407 dissaepit
1071 3330 1252 3392 collis
1287 3337 1482 3406 atque
1504 3350 1674 3391 aera
1705 3335 1974 3404 monteS,

576 3448 758 3503 terra
784 3461 962 3502 mare
993 3447 1057 3501 et
1087 3446 1316 3501 contra
1344 3458 1523 3501 mare
1552 3443 1767 3502 terras
1795 3438 2111 3499 terminat
2138 3436 2381 3513 omnis3

578 3570 764 3613 omne
806 3549 1070 3626 quidem
1110 3568 1271 3611 uero
1307 3548 1476 3609 nihil
1518 3555 1614 3611 est
1656 3549 1831 3624 quod
1871 3547 2061 3610 finiat
2102 3552 2308 3609 extra.

489 3665 673 3721 —est
709 3658 918 3735 igitur
953 3664 1199 3720 natura
1233 3656 1357 3719 loci
1393 3657 1813 3733 spatiumque
1852 3654 2196 3733 profundi,

576 3769 752 3846 quod
783 3788 993 3845 neque
1026 3768 1206 3829 clara
1235 3787 1355 3828 suo
1385 3764 2094 3843 percurrerefulmina
2127 3784 2353 3829 cursu

576 3885 900 3956 perpetuo
931 3876 1184 3954 possint
1221 3876 1370 3939 aeui
1403 3875 1697 3938 labentia
1729 3881 1951 3937 tractu

598 4011 698 4059 981
718 4010 864 4069 vulg.
895 4008 994 4059 fiat

1585 4158 1698 4209 [34]

2783 690 2880 739 975

2787 1237 2883 1286 980

2788 1786 2889 1835 985

2788 2336 2889 2385 990

2789 2885 2891 2933 995

2756 3433 2889 3482 1000
