3182 4602
1145 434 1204 482 T.
1247 433 1573 485 LVGRETI
1614 433 1791 484 CARI

400 654 768 725 oportunus
803 647 899 711 ita
933 655 1029 710 est
1064 648 1119 710 si
1155 647 1329 711 forte
1364 655 1427 710 et
1462 648 1738 710 idoneus
1772 668 1903 725 aer,

398 763 474 818 ut
510 765 707 834 queat
742 758 1010 820 accendi
1045 758 1275 835 paruis
1312 757 1662 821 ardoribus
1696 758 1901 834 ictus;

368 867 577 944 (quod
613 887 820 944 genus
854 867 1192 930 interdum
1228 875 1478 945 segetes
1512 867 1958 945 stipulamque
1995 866 2297 929 uidemus

399 977 704 1040 accedere
738 998 817 1040 ex
848 998 984 1039 una
1015 977 1305 1040 scintilla
1339 977 1647 1040 incendia
1677 977 1984 1054 passim).

397 1086 688 1163 forsitan
721 1094 784 1149 et
817 1107 1001 1150 rosea
1035 1088 1131 1149 sol
1164 1087 1294 1150 alte
1327 1088 1633 1165 lampade
1667 1087 1893 1149 lucens

400 1196 731 1274 possideat
764 1197 1048 1259 multum
1081 1197 1287 1259 caecis
1321 1196 1701 1260 feruoribus
1734 1196 1953 1273 ignem

400 1305 648 1369 circum
684 1325 768 1383 se,
804 1306 990 1368 nullo
1026 1306 1141 1383 qui
1175 1306 1261 1368 sit
1295 1306 1557 1383 fulgore
1591 1312 1882 1382 notatUS,

399 1415 672 1478 aestifer
702 1422 780 1478 ut
812 1423 1075 1479 tantum
1108 1416 1447 1479 radiorum
1478 1422 1801 1493 exaugeat
1834 1415 2057 1478 ictum.

525 1526 660 1588 Nec
692 1525 866 1588 ratio
897 1526 1052 1588 solis
1082 1525 1361 1603 simplex
1402 1536 1466 1597 <
1477 1532 1616 1596 et>
1660 1532 1840 1588 recta
1872 1524 2169 1602 patescit,

400 1655 532 1712 quo
562 1641 759 1714 pacto
792 1635 1063 1698 aestiuis
1095 1656 1126 1696 e
1161 1635 1466 1713 partibus
1498 1634 1897 1713 aegocerotis

400 1745 719 1808 brumalis
754 1746 948 1808 adeat
984 1746 1191 1808 flexus
1225 1752 1422 1823 atque
1458 1745 1613 1808 inde
1649 1752 1991 1807 reuertens

401 1855 692 1918 canceris
723 1862 799 1917 ut
830 1862 1053 1917 uertat
1083 1862 1291 1918 metas
1322 1856 1407 1918 ad
1439 1854 1823 1931 solstitialiS‚

399 1966 689 2042 lunaque
722 1965 1053 2027 mensibus
1086 1964 1155 2026 id
1188 1965 1478 2042 spatium
1511 1964 1824 2026 uideatur
1860 1963 2057 2042 obire,

404 2096 629 2137 annua
657 2076 751 2136 sol
784 2075 854 2135 in
886 2094 1016 2151 quo
1047 2075 1370 2137 consumit
1403 2080 1702 2152 tempora
1736 2094 1952 2136 cursu.

401 2204 553 2261 non,
587 2185 877 2261 inquam,
911 2185 1190 2261 simplex
1221 2185 1324 2246 his
1354 2186 1549 2246 rebus
1580 2183 1845 2246 reddita
1878 2190 2156 2246 causast.

1063 2290 1489 2341 DEMOCRITI
1531 2290 1631 2340 DE
1672 2289 1861 2341 SOLE

320 2401 555 2443 —nam
588 2379 733 2442 fieri
765 2382 873 2443 uel
907 2402 1055 2443 cum
1090 2381 1323 2458 primis
1355 2380 1422 2442 id
1458 2401 1644 2458 posse
1677 2380 1967 2456 uidetur,

405 2490 763 2552 Democriti
796 2491 971 2567 quod
1004 2498 1232 2553 sancta
1264 2490 1397 2552 uiri
1431 2490 1759 2552 sententia
1792 2490 1999 2567 ponit,

405 2607 653 2676 quanto
685 2620 980 2676 quaeque
1011 2600 1222 2677 magis
1251 2600 1383 2662 sint
1416 2607 1664 2662 terram
1696 2599 1913 2662 sidera
1945 2605 2239 2676 propter,

404 2716 593 2771 tanto
623 2729 808 2787 posse
839 2709 1060 2771 minus
1088 2731 1235 2772 cum
1268 2709 1428 2772 caeli
1461 2709 1729 2772 turbine
1762 2708 1963 2785 ferri3

376 2819 792 2893 (euanescere
827 2818 1000 2882 enim
1032 2819 1304 2896 rapidas
1337 2819 1516 2881 illius
1551 2826 1615 2881 et
1651 2818 1821 2881 acris

406 2928 709 2990 imminui
743 2930 969 2991 subter
1002 2928 1188 3005 uiris,
1226 2929 1500 3005 ideoque
1536 2928 1825 3005 relinqui

405 3038 729 3115 paulatim
764 3039 962 3101 solem
997 3059 1145 3101 cum
1178 3038 1649 3115 posterioribu'
1684 3037 1909 3115 signis,

407 3147 687 3210 inferior
719 3149 929 3210 multo
961 3148 1137 3225 quod
1169 3148 1257 3210 sit
1290 3168 1487 3224 quam
1523 3147 1791 3209 feruida
1826 3146 2077 3224 signa).

1115 3254 1216 3303 DE
1261 3253 1523 3303 LVNAE
1569 3253 1813 3303 GVRSV

409 3348 471 3405 et
499 3342 710 3419 magis
739 3342 860 3404 hoc
891 3344 1152 3405 lunam:
1187 3350 1437 3419 quanto
1468 3342 1807 3404 demissior
1839 3341 1980 3404 eius

408 3472 639 3514 cursus
675 3453 856 3515 abest
890 3453 1122 3530 procul
1160 3474 1198 3515 a
1235 3453 1414 3514 caelo
1447 3451 1774 3528 terrisque
1812 3450 2239 3528 propinquat,

406 3568 594 3624 tanto
624 3582 809 3639 posse
836 3561 1056 3624 minus
1085 3582 1233 3624 cum
1262 3560 1468 3638 signis
1497 3562 1767 3623 tendere
1798 3580 2083 3623 cursum.

408 3671 777 3734 flaccidiore
809 3670 1007 3734 etiam
1040 3677 1292 3748 quanto
1319 3671 1450 3733 iam
1480 3670 1749 3733 turbine
1782 3669 2003 3732 fertur

407 3779 688 3842 inferior
720 3801 916 3857 quam
950 3782 1063 3857 sol,
1097 3787 1288 3842 tanto
1318 3779 1526 3857 magis
1560 3778 1777 3842 omnia
1810 3778 2000 3856 signa

406 3891 576 3952 hanc
610 3890 1075 3967 adipiscuntur
1110 3889 1356 3951 circum
1391 3896 1785 3966 praeterque
1819 3887 2153 3951 feruntur.

327 4006 762 4077 —propterea
792 3998 866 4061 fit
899 4006 975 4062 ut
1007 4001 1166 4061 haec
1199 4000 1284 4061 ad
1316 3998 1577 4075 signum
1611 3998 1914 4074 quodque
1948 3996 2197 4059 reuerti

430 4131 530 4180 617
551 4130 696 4191 ναῖς.
727 4129 910 4179 cancri
941 4145 996 4179 se

1399 4214 1545 4266 [185]

2612 1081 2714 1129 610

2614 1630 2715 1679 615

2614 2178 2716 2228 620

2617 2813 2719 2862 625

2620 3445 2721 3494 630

2618 3993 2721 4041 635
