3182 4602
1169 419 1229 468 T.
1271 418 1598 469 LVGRETI
1638 418 1815 468 CARI

421 654 837 711 nequaquam
873 633 1061 696 nobis
1098 633 1427 696 diuinitus
1463 653 1599 697 esse
1636 639 1941 711 paratam

422 750 733 806 naturam
767 764 1022 806 rerum:
1061 750 1253 806 tanta
1283 750 1416 806 stat
1452 742 1760 820 praedita
1794 743 2009 819 eulpa.

905 849 1198 900 DIVISIO
1241 849 1542 900 TERRAE
1584 849 1735 899 VEL
1777 848 2062 898 VITIVM

335 941 756 1019 —prineipio
791 947 1114 1018 quantum
1149 939 1314 1002 caeli
1345 939 1513 1016 tegit
1547 939 1836 1015 impetus
1871 937 2122 1015 iugem,
2634 932 2736 982 200

423 1051 577 1113 inde
614 1050 880 1114 auidam
917 1056 1174 1128 partem
1210 1056 1461 1111 montes
1497 1048 1833 1125 siluaeque
1872 1048 2171 1110 ferarum

423 1161 785 1239 possedere,
821 1166 1050 1223 tenent
1083 1179 1286 1236 rupes
1317 1165 1675 1235 uastaeque
1713 1158 1991 1236 paludes

424 1276 488 1331 et
516 1289 696 1332 mare
729 1270 904 1347 quod
935 1272 1067 1332 late
1097 1275 1430 1331 terrarum
1462 1268 1736 1330 distinet
1768 1288 1934 1330 oraS.

423 1379 577 1443 inde
609 1380 776 1442 duas
809 1399 1010 1456 porro
1041 1398 1248 1457 prope
1281 1378 1496 1456 partis
1529 1377 1837 1441 feruidus
1870 1378 2069 1441 ardor

425 1488 871 1566 adsiduusque
907 1488 1036 1566 geli
1070 1508 1258 1551 easus
1289 1488 1681 1550 mortalibus
1716 1488 1959 1550 aufert.
2636 1483 2738 1532 205

424 1599 599 1675 quod
633 1604 933 1676 superest
966 1597 1134 1675 arui,
1167 1605 1391 1661 tamen
1423 1597 1494 1659 id
1527 1604 1775 1661 natura
1802 1618 1923 1660 sua
1954 1596 2026 1659 ui

423 1704 718 1770 sentibus
754 1708 1058 1785 obducat,
1094 1707 1166 1769 ni
1199 1707 1303 1770 uis
1336 1708 1630 1770 humana
1663 1707 1928 1769 resistat

422 1817 592 1879 uitai
626 1837 827 1880 eausa
857 1816 1086 1880 ualido
1119 1823 1429 1879 consueta
1461 1816 1719 1879 bidenti

424 1926 751 2004 ingemere
785 1933 851 1990 et
882 1933 1131 1989 terram
1165 1926 1407 2005 pressis
1439 1925 1860 2004 proscindere
1895 1925 2171 2002 aratris3

424 2035 482 2098 si
512 2057 646 2098 non
680 2036 1002 2099 fecundas
1036 2041 1372 2099 uertentes
1406 2057 1669 2099 uomere
1706 2036 1926 2113 glebas
2636 2031 2737 2080 210

424 2144 758 2222 terraique
793 2145 1004 2207 solum
1039 2145 1416 2223 subigentes
1454 2145 1662 2207 cimus
1700 2145 1784 2208 ad
1824 2150 2026 2222 ortuS‚

424 2261 657 2332 sponte
688 2275 809 2318 sua
837 2261 1170 2333 nequeant
1200 2254 1489 2333 liquidas
1519 2255 1797 2319 existere
1828 2255 1899 2316 in
1930 2275 2161 2332 auras3

337 2371 490 2427 —et
517 2371 740 2427 tamen
771 2364 1109 2428 interdum
1139 2342 1381 2443 magno
1410 2364 1708 2442 quaesita
1739 2365 1960 2428 labore

425 2494 573 2536 (311111
603 2473 734 2536 iam
763 2494 884 2552 per
911 2481 1128 2537 terras
1156 2474 1476 2537 frondent
1506 2481 1705 2552 atque
1732 2474 1951 2537 omnia
1981 2474 2237 2551 florent,

427 2590 543 2645 aut
577 2582 800 2645 nimiis
832 2589 1043 2646 torret
1077 2583 1458 2647 feruoribus
1491 2583 1821 2646 aetherius
1856 2584 1950 2645 sol
2638 2580 2741 2630 215

426 2701 543 2757 aut
580 2694 783 2757 subiti
819 2702 1170 2773 peremunt
1207 2694 1436 2756 imbris
1473 2694 1855 2772 gelidaeque
1892 2693 2193 2771 pruinae,

426 2804 762 2881 flabraque
793 2809 1146 2867 uentorum
1177 2801 1472 2867 uiolento
1499 2803 1767 2867 turbine
1799 2809 2065 2865 nexant.

424 2919 770 2990 praeterea
802 2934 1008 2991 genus
1039 2913 1446 2977 horriferum
1478 2920 1726 2977 natura
1755 2913 2055 2976 ferarum

426 3023 751 3085 humanae
787 3023 969 3101 genti
1004 3022 1324 3086 infestum
1357 3030 1667 3100 terraque
1700 3022 1999 3099 marique

428 3152 547 3193 eur
580 3131 700 3195 alit
735 3139 932 3209 atque
966 3136 1206 3210 auget?
1242 3153 1361 3195 our
1395 3132 1554 3195 anni
1585 3138 1889 3210 tempora
1920 3133 2177 3194 morbos
2640 3128 2741 3177 220
2795 3204 2801 3211 .

429 3241 831 3318 adportant?
867 3262 1072 3319 quare
1107 3262 1284 3304 mors
1319 3242 1658 3305 inmatura
1691 3245 2023 3319 uagatur?

431 3352 572 3411 tum
604 3370 805 3427 porro
834 3372 1021 3428 puer,
1055 3357 1133 3413 ut
1165 3350 1379 3414 saeuis
1409 3352 1742 3429 proiectus
1776 3352 1856 3414 ab
1889 3351 2088 3414 undis

430 3459 681 3537 nauita,
714 3461 937 3523 nudus
969 3461 1155 3523 humi
1189 3461 1375 3537 iaeet,
1413 3461 1659 3537 infans,
1696 3461 1964 3538 indigus
1998 3460 2175 3524 omni

429 3571 624 3634 uitali
652 3571 918 3648 auxili0,
950 3592 1097 3634 oum
1127 3571 1417 3649 primum
1446 3570 1517 3631 in
1546 3570 1816 3634 luminis
1846 3590 1993 3633 oras

429 3681 695 3743 nixibus
728 3702 808 3745 ex
840 3682 994 3744 aluo
1021 3680 1255 3744 matris
1287 3687 1535 3743 natura
1567 3680 1895 3757 profudit,
2640 3676 2743 3726 225

430 3790 793 3868 uagituque
825 3791 1039 3853 locum
1072 3789 1342 3867 lugubri
1375 3789 1676 3868 complet,
1708 3796 1787 3851 ut
1820 3797 2109 3852 aecumst
2280 3778 2285 3785 ’

432 3900 540 3962 (3111
569 3907 834 3963 tantum
868 3900 940 3961 in
973 3899 1121 3962 uita
1153 3906 1356 3962 restet
1391 3898 1679 3962 transire
1713 3899 2055 3961 malorum.

453 4032 554 4081 201
573 4031 673 4081 alii
700 4032 815 4082 alia

453 4099 554 4149 227
576 4099 710 4162 fort.
743 4102 915 4150 restat

1405 4146 1570 4244 ’[171]
