3182 4602
1116 437 1220 488 DE
1254 436 1520 489 RERVM
1553 436 1865 489 NATVRA
1902 436 2005 487 111

501 650 818 729 (pictores
852 650 1076 729 itaque
1109 658 1174 714 et
1208 651 1608 730 scriptorum
1643 653 1856 715 saecla
1892 651 2120 732 priora

532 760 624 823 sic
655 761 907 824 animas
938 761 1118 824 intro
1148 762 1484 825 duxerunt
1515 760 1813 825 sensibus
1843 762 2124 837 auctas.)
2740 755 2838 805 630

442 875 601 933 —at
632 890 843 949 neque
875 890 1128 933 sorsum
1161 871 1333 934 oculi
1362 890 1572 949 neque
1606 890 1799 934 nares
1832 890 1949 934 nec
1982 890 2217 934 manus
2250 869 2396 948 ipsa

532 1000 666 1043 esse
698 987 913 1058 potest
943 980 1199 1044 animae
1229 1002 1439 1058 neque
1470 1000 1724 1043 sorsum
1755 980 2004 1058 lingua,
2036 1000 2247 1058 neque
2279 998 2490 1043 aures.

445 1091 713 1152 —haud
744 1090 842 1153 ita
870 1097 1014 1153 tum
1047 1110 1167 1168 per
1197 1110 1263 1153 se
1297 1097 1573 1170 possunt
1605 1090 1849 1152 sentire
1881 1109 2092 1168 neque
2125 1108 2279 1153 esse.

659 1284 748 1346 Et
784 1284 1093 1361 quoniam
1129 1292 1269 1348 toto
1302 1284 1623 1347 sentimus
1656 1304 1927 1363 corpore
1963 1284 2171 1347 inesse

531 1393 804 1457 uitalem
832 1414 1093 1458 sensum
1125 1401 1188 1458 et
1218 1400 1432 1457 totum
1461 1414 1597 1460 esse
1626 1394 1908 1458 animale
1937 1394 2258 1470 uidemus,
2743 1389 2841 1439 635

509 1503 587 1565 si
617 1503 837 1566 subito
863 1504 1153 1566 medium
1183 1504 1379 1567 celeri
1411 1503 1809 1581 praeciderit
1842 1504 1980 1566 ictu

529 1613 636 1675 uis
664 1614 890 1691 aliqua
914 1621 990 1676 ut
1018 1634 1272 1677 sorsum
1302 1622 1559 1692 partem
1589 1621 1887 1677 secernat
1916 1620 2286 1691 utramque,

529 1723 884 1801 dispertita
913 1724 1146 1802 procul
1175 1724 1377 1786 dubio
1405 1744 1661 1801 quoque
1691 1723 1796 1785 uis
1825 1722 2071 1786 animai

531 1840 596 1896 et
631 1833 900 1896 discissa
935 1834 1131 1896 simul
1165 1854 1313 1896 cum
1349 1854 1620 1911 corpore
1657 1833 2051 1896 dissicietur.

444 1950 601 2006 —at
634 1944 807 2020 quod
839 1943 1166 2007 scinditur
1196 1949 1260 2005 et
1290 1944 1506 2021 partis
1534 1942 1813 2005 discedit
1844 1942 1915 2003 in
1945 1943 2135 2019 ullas,
2382 1938 2389 1945 ’
2743 1940 2842 1989 640

530 2053 778 2116 scilicet
811 2059 1145 2116 aeternam
1177 2053 1302 2115 sibi
1333 2061 1644 2116 naturam
1679 2053 1913 2116 abnuit
1948 2074 2101 2116 esse.

445 2162 873 2240 —falciferos
904 2170 1268 2225 memorant
1301 2184 1536 2225 currus
1567 2162 1901 2225 abscidere
1933 2163 2225 2225 membra

531 2294 723 2352 saepe
753 2272 849 2336 ita
879 2274 958 2336 de
990 2273 1209 2337 subito
1237 2273 1566 2351 permixta
1598 2273 1793 2337 caede
1824 2272 2117 2349 calentiS,

532 2390 610 2446 ut
639 2391 917 2446 tremere
951 2383 1021 2444 in
1053 2391 1234 2447 terra
1267 2384 1580 2446 uideatur
1614 2385 1695 2447 ab
1729 2385 2007 2446 artubus
2039 2383 2106 2444 id
2144 2383 2319 2460 quod

533 2493 778 2555 decidit
810 2493 1150 2570 abscisum,
1183 2514 1332 2556 cum
1361 2514 1542 2556 mens
1573 2500 1795 2556 tamen
1824 2501 2022 2571 atque
2050 2492 2333 2556 hominis
2363 2492 2467 2555 uis
2744 2490 2845 2538 645

531 2603 894 2665 mobilitate
923 2604 1082 2665 mali
1111 2623 1243 2665 non
1274 2603 1418 2680 quit
1450 2603 1693 2665 sentire
1724 2603 2047 2678 dolorem3

533 2720 596 2775 et
625 2712 822 2774 simul
851 2711 920 2774 in
950 2733 1213 2790 pugnae
1243 2712 1466 2775 studio
1495 2713 1672 2790 quod
1704 2713 1929 2775 dedita
1958 2732 2143 2774 mens
2170 2719 2284 2789 est,

531 2841 802 2899 corpore
833 2822 1089 2899 reliquo
1119 2842 1413 2899 pugnam
1445 2823 1802 2898 caedesque
1833 2822 2122 2899 petessit,

531 2951 650 2994 nec
682 2938 862 2994 tenet
894 2931 1196 2994 amissam
1228 2933 1484 2994 laeuam
1516 2953 1665 2994 cum
1697 2932 1983 3009 tegmine
2016 2951 2208 3008 saepe

532 3040 706 3103 inter
738 3061 934 3118 equos
965 3043 1268 3104 abstraxe
1301 3048 1480 3104 rotas
1513 3041 1844 3119 falcesque
1878 3061 2168 3118 rapaceS‚
2743 3039 2841 3088 650

530 3170 648 3213 nec
683 3151 986 3213 cecidisse
1021 3151 1191 3214 alius
1223 3152 1544 3227 dextram,
1579 3172 1727 3213 cum
1762 3151 2020 3213 scandit
2055 3157 2119 3213 et
2155 3150 2379 3213 instat.

532 3260 685 3322 inde
718 3260 887 3323 alius
918 3268 1196 3323 conatur
1228 3261 1538 3338 adempto
1567 3280 1835 3337 surgere
1869 3280 2080 3336 crure,

532 3390 680 3431 cum
705 3369 952 3447 digitos
976 3370 1186 3447 agitat
1215 3376 1490 3448 propter
1518 3369 1954 3432 moribundus
1981 3369 2166 3431 humi
2195 3389 2328 3447 peS.

532 3485 596 3541 et
630 3486 832 3556 caput
866 3479 1189 3541 abscisum
1224 3479 1437 3542 calido
1470 3479 1871 3556 uiuenteque
1903 3486 2141 3541 trunco

531 3596 756 3651 seruat
783 3589 967 3650 humi
997 3588 1252 3651 uoltum
1282 3589 1555 3651 uitalem
1586 3589 1933 3666 oculosque
1962 3588 2273 3666 patentis,
2741 3587 2839 3635 655

531 3699 735 3760 donec
767 3697 1080 3776 reliquias
1112 3697 1356 3760 animai
1389 3687 1683 3761 reddidit
1717 3704 1955 3761 omncs,

443 3808 693 3886 —quin
727 3807 925 3871 etiam
959 3807 1083 3870 tibi
1116 3807 1192 3885 si,
1224 3807 1456 3885 lingua
1489 3807 1818 3884 uibrante,
1853 3807 2137 3869 minanti

553 3939 654 3989 633
676 3939 935 3989 auditum

1521 4207 1669 4258 [102]
