3182 4602
1088 449 1190 498 DE
1226 449 1491 498 RERVM
1527 448 1837 498 NATVRA
1882 449 1927 498 V

482 667 1030 746 suscipiendaque
1067 667 1319 731 curarit
1359 667 1698 731 sollemnia
1736 687 1941 744 sacra,

484 797 650 854 quae
682 797 860 840 nunc
892 777 964 839 in
994 777 1252 856 magnis
1285 778 1521 840 florent
1555 797 1744 840 sacra
1773 776 1963 840 rebu'
1997 776 2303 853 locisque,

483 888 660 950 unde
689 887 886 950 etiam
915 908 1094 950 nunc
1123 894 1219 950 est
1249 887 1639 950 mortalibus
1669 887 1909 949 insitus
1936 888 2171 949 horror

484 996 600 1073 qui
631 997 908 1060 delubra
935 998 1135 1060 deum
1165 1016 1341 1060 noua
1371 1004 1511 1060 toto
1541 997 1817 1060 suscitat
1853 997 1993 1059 orbi

483 1114 816 1170 terrarum
849 1114 913 1170 et
948 1106 1137 1170 festis
1172 1107 1343 1185 cogit
1378 1108 1707 1170 celebrare
1740 1107 1989 1184 diebus,

483 1236 616 1279 non
651 1216 747 1280 ita
779 1213 1104 1280 difficilest
1138 1217 1460 1280 rationem
1496 1217 1773 1279 reddere
1808 1217 2047 1280 uerbis.

396 1325 731 1404 —quippe
763 1326 1004 1389 etenim
1036 1326 1167 1389 iam
1199 1333 1345 1388 tum
1376 1327 1602 1389 diuom
1632 1327 1938 1389 mortalia
1970 1327 2181 1390 saecla

484 1435 780 1514 egregias
810 1436 1030 1499 animo
1060 1436 1264 1498 facies
1296 1436 1618 1514 uigilante
1649 1435 1969 1498 uidebant

485 1551 549 1608 et
580 1546 789 1623 magis
819 1545 889 1606 in
919 1546 1161 1608 somnis
1193 1546 1500 1609 mirando
1531 1545 1826 1623 corporis
1858 1551 2077 1608 auctu.

484 1655 587 1717 his
619 1655 828 1733 igitur
863 1676 1123 1718 sensum
1156 1656 1539 1719 tribuebant
1573 1663 1925 1733 propterea
1960 1656 2134 1732 quod

482 1766 775 1828 membra
811 1785 1074 1828 mouere
1108 1766 1513 1829 uidebantur
1549 1785 1872 1842 uocesque
1908 1765 2225 1842 superbas

483 1875 745 1938 mittere
776 1895 900 1952 pro
929 1874 1100 1938 facie
1132 1877 1474 1952 praeclara
1503 1882 1566 1937 et
1597 1874 1856 1949 ujribus
1889 1874 2143 1952 amplis,

483 1991 948 2061 aeternamque
981 1985 1230 2047 dabant
1261 1985 1490 2061 uitam,
1525 1969 1684 2061 quia
1714 2004 1969 2061 semper
2001 2004 2225 2048 eorum

483 2094 1036 2171 subpeditabatur
1069 2094 1272 2156 facies
1305 2101 1368 2156 et
1402 2093 1619 2156 forma
1650 2094 1976 2170 manebat,

484 2211 549 2266 et
583 2210 804 2267 tamen
838 2203 1102 2266 omnino
1137 2204 1309 2280 quod
1345 2203 1552 2265 tantis
1586 2203 1847 2265 uiribus
1881 2210 2104 2265 auctos

483 2335 617 2377 non
650 2320 892 2377 temere
925 2315 1065 2377 ulla
1099 2314 1171 2377 ui
1205 2314 1508 2377 conuinci
1543 2334 1729 2392 posse
1766 2314 2113 2392 putabant.

482 2424 904 2501 fortunisque
935 2424 1084 2486 ideo
1112 2423 1304 2501 longe
1337 2431 1675 2501 praestare
1709 2426 2059 2501 putabant,

485 2534 660 2610 quod
690 2533 920 2596 mortis
950 2534 1149 2596 timor
1180 2535 1343 2597 haut
1374 2554 1766 2611 quemquam
1797 2540 2069 2596 uexaret
2103 2553 2345 2610 eorum,

487 2650 551 2705 et
583 2642 778 2705 simul
811 2643 882 2704 in
913 2643 1154 2705 somnis
1188 2644 1343 2720 quia
1375 2644 1586 2705 multa
1620 2650 1683 2706 et
1714 2643 1885 2706 mira
1916 2643 2235 2706 uidebant

485 2752 731 2814 efficere
765 2760 829 2815 et
862 2754 1121 2816 nullum
1155 2772 1388 2829 capere
1421 2753 1597 2830 ipsos
1632 2753 1785 2816 inde
1819 2754 2126 2815 laborem.

399 2869 828 2939 —praeterea
863 2862 1026 2925 caeli
1058 2862 1347 2925 rationes
1382 2862 1613 2925 ordine
1648 2869 1827 2925 certo

485 2978 549 3033 et
585 2971 777 3034 uaria
812 2991 1136 3034 annorum
1172 2972 1526 3035 cernebant
1560 2979 1861 3050 tempora
1893 2971 2069 3034 uerti

483 3102 602 3144 nec
632 3087 941 3160 poterant
973 3082 1211 3159 quibus
1241 3082 1311 3143 id
1341 3081 1526 3145 fieret
1559 3102 1941 3159 cognoscere
1973 3080 2205 3143 causis,

485 3211 642 3268 ergo
676 3190 1060 3268 perfugium
1096 3191 1220 3253 sibi
1255 3192 1583 3255 habebant
1622 3191 1841 3254 omnia
1871 3191 2048 3253 diuis

484 3301 750 3363 tradere
781 3308 844 3363 et
877 3301 1141 3363 illorum
1173 3308 1346 3364 nutu
1381 3301 1601 3365 facere
1634 3302 1851 3364 omnia
1883 3300 2076 3363 flecti.

481 3410 555 3472 in
587 3411 890 3487 caeloque
921 3411 1115 3473 deum
1147 3412 1328 3473 sedes
1361 3418 1423 3474 et
1455 3412 1704 3487 templa
1735 3411 2057 3487 locarunt,

485 3541 605 3598 per
637 3521 888 3583 caelum
918 3521 1102 3584 uolui
1134 3520 1290 3597 quia
1320 3541 1450 3583 nox
1482 3528 1546 3584 et
1577 3522 1738 3583 luna
1767 3520 2057 3597 uidetur,

484 3632 647 3693 luna
675 3630 814 3691 dies
845 3637 908 3692 et
937 3650 1067 3692 nox
1097 3637 1160 3692 et
1191 3630 1400 3692 noctis
1428 3630 1617 3707 signa
1646 3649 1876 3693 seuera

484 3740 1002 3817 noctiuagaeque
1042 3739 1220 3803 faces
1256 3740 1419 3802 caeli
1455 3739 1883 3817 flammaeque
1922 3739 2241 3815 uolanteS,

483 3850 715 3913 nubila
747 3851 842 3913 sol
875 3849 1114 3912 imbres
1146 3849 1262 3910 nix
1291 3849 1477 3911 uenti
1512 3847 1799 3911 fulmina
1832 3849 2087 3927 grando

475 3983 611 4032 1164
633 3983 766 4043 fort.
796 3982 993 4032 florent
1023 3981 1362 4046 templisque

475 4051 611 4099 1190
633 4050 766 4110 fort.
795 4048 944 4112 quies

476 4117 611 4166 1192
633 4117 767 4179 fort.
799 4116 986 4166 nubila
1014 4115 1224 4180 hiemps

1474 4226 1621 4277 [204]

2664 883 2802 931 1165

2662 1432 2800 1481 1170

2661 1980 2800 2029 1175

2663 2530 2799 2578 1180

2661 3078 2799 3127 1185

2664 3627 2796 3676 1190
