3182 4602
1139 389 1240 438 DE
1276 388 1540 440 RERVM
1577 388 1887 437 NATVRA
1933 388 1979 437 V

535 623 688 665 nam
720 624 868 665 cum
900 603 1242 666 restantis
1273 604 1516 666 morbis
1545 603 1880 680 tantisque
1913 602 2178 681 periclis

535 719 1042 790 temptarentur,
1082 713 1173 775 ibi
1207 713 1262 775 si
1298 713 1555 776 tristior
1589 713 1993 776 incubuisset

534 843 750 899 causa,
781 823 1020 884 darent
1055 823 1186 886 late
1218 823 1470 885 cladem
1503 842 1902 900 magnasque
1938 822 2186 885 ruinas.

532 952 652 994 nec
683 932 939 995 ratione
973 933 1104 995 alia
1134 934 1444 995 mortales
1476 953 1611 996 esse
1646 932 1971 1008 uidemur,

534 1041 709 1103 inter
741 1062 860 1104 nos
893 1041 1021 1104 nisi
1056 1042 1230 1119 quod
1263 1041 1507 1104 morbis
1541 1041 1976 1119 aegrescimus
2013 1041 2185 1104 idem

535 1158 732 1228 atque
765 1151 864 1213 illi
898 1171 1062 1229 quos
1091 1173 1129 1215 a
1160 1152 1304 1215 uita
1337 1159 1584 1214 natura
1616 1151 1916 1214 remouit.

928 1342 1184 1407 QVARE
1234 1341 1720 1392 AETERNITAS
1769 1342 1951 1393 ESSE
2001 1341 2259 1392 POSSIT

661 1431 1014 1494 Praeterea
1045 1452 1492 1509 quaecumque
1524 1438 1796 1494 manent
1828 1437 2099 1494 aeterna
2128 1436 2459 1494 necessust

535 1547 671 1616 aut,
704 1540 857 1617 quia
889 1549 1044 1603 sunt
1075 1541 1283 1604 solido
1313 1562 1462 1603 cum
1493 1561 1784 1618 corpore,
1817 1560 2125 1619 respuere
2158 1540 2329 1602 ictus

534 1670 653 1712 nec
688 1657 1037 1727 penetrare
1072 1651 1216 1727 pati
1251 1650 1376 1713 sibi
1411 1651 1763 1728 quicquam
1798 1650 1973 1727 quod
2010 1657 2208 1726 queat
2244 1656 2424 1712 artas

535 1759 883 1822 dissociare
917 1759 1098 1822 intus
1132 1760 1362 1838 partiS,
1396 1767 1472 1822 ut
1507 1759 1812 1822 materiai

535 1888 812 1946 corpora
847 1877 1002 1931 nunt
1039 1890 1317 1946 quorum
1355 1877 1667 1932 naturam
1702 1868 2105 1932 ostendimus
2140 1876 2312 1945 ante,

535 1985 650 2041 aut
684 1978 833 2041 ideo
864 1980 1106 2042 durare
1140 1987 1420 2042 aetatem
1455 1999 1641 2057 posse
1676 1999 1795 2056 per
1828 1998 2101 2055 omnem,

535 2090 884 2166 plagarum
917 2088 1074 2165 quia
1107 2096 1262 2150 sunt
1296 2088 1614 2166 expertia,
1649 2088 1818 2150 sicut
1854 2089 2049 2150 inane
2083 2094 2180 2151 est

534 2199 711 2275 quod
745 2204 964 2260 manet
1000 2197 1322 2260 intactum
1360 2219 1567 2275 neque
1605 2199 1686 2260 ab
1724 2198 1860 2261 ictu
1898 2197 2209 2274 fungitur
2244 2197 2475 2274 hilum,

533 2315 650 2371 aut
682 2308 880 2371 etiam
911 2308 1070 2385 quia
1098 2310 1284 2371 nulla
1316 2310 1440 2371 loci
1470 2308 1545 2369 fit
1578 2308 1768 2385 copia
1798 2308 2065 2384 circum,

534 2438 664 2495 quo
695 2418 884 2495 quasi
916 2438 1019 2480 res
1050 2418 1303 2495 possint
1337 2418 1669 2480 discedere
1702 2418 2122 2495 dissoluique,

502 2527 704 2602 (sicut
740 2548 1144 2590 summarum
1180 2548 1433 2591 summa
1467 2535 1564 2591 est
1599 2535 1869 2590 aeterna
1903 2547 2114 2604 neque
2150 2534 2338 2590 extra

533 2636 647 2713 qui
673 2638 852 2699 locus
880 2644 976 2699 ent
1003 2657 1134 2714 quo
1157 2638 1489 2700 dissiliant
1518 2656 1728 2714 neque
1758 2656 2034 2715 corpora
2063 2644 2219 2699 sunt
2248 2656 2415 2714 quae

532 2746 786 2823 possint
822 2747 1109 2809 incidere
1148 2754 1211 2810 et
1248 2747 1477 2809 ualida
1512 2747 1870 2810 dissoluere
1906 2747 2167 2824 plaga).

445 2862 601 2917 —at
634 2875 863 2932 neque,
898 2856 999 2918 uti
1033 2857 1243 2933 docui,
1279 2856 1488 2919 solido
1518 2878 1667 2919 cum
1701 2876 1973 2933 corpore
2005 2856 2239 2919 mundi

531 2971 858 3041 naturast,
893 2966 1202 3042 quoniam
1236 2966 1668 3029 admixtumst
1703 2966 1774 3027 in
1809 2966 2005 3028 rebus
2039 2966 2254 3042 inane,

530 3095 648 3137 nec
679 3082 900 3137 tamen
933 3082 1027 3137 est
1057 3082 1132 3137 ut
1165 3076 1378 3151 inane,
1412 3097 1622 3153 neque
1658 3083 1877 3139 autem
1909 3095 2186 3153 corpora
2218 3076 2476 3152 desunt,

532 3206 610 3247 ex
645 3183 909 3246 infinito
943 3205 1109 3261 quae
1145 3186 1397 3262 possint
1433 3185 1608 3248 forte
1644 3192 1866 3248 coorta

531 3313 835 3357 corruere
866 3294 1035 3356 hanc
1064 3313 1284 3356 rerum
1315 3294 1608 3356 uiolento
1636 3294 1903 3357 turbine
1936 3314 2255 3357 summam

532 3411 648 3466 aut
687 3402 884 3466 aliam
923 3403 1225 3480 quamuis
1263 3403 1513 3466 cladem
1553 3403 1895 3482 inportare
1935 3403 2186 3480 pericli,

531 3532 649 3575 nec
684 3533 884 3591 porro
913 3518 1157 3575 natura
1189 3513 1313 3575 loci
1347 3512 1765 3591 spatiumque
1799 3512 2126 3589 profundi

532 3622 770 3699 deficit,
807 3622 1114 3699 exspargi
1147 3642 1278 3699 quo
1309 3622 1562 3698 possint
1596 3622 1853 3685 moenia
1884 3622 2138 3698 mundi,

532 3740 648 3795 aut
683 3732 813 3795 alia
846 3732 1082 3809 quauis
1115 3738 1391 3808 possunt
1421 3731 1493 3793 ui
1527 3732 1720 3808 pulsa
1752 3731 1987 3809 perire.

447 3844 694 3905 —haut
727 3842 934 3919 igitur
964 3840 1079 3904 leti
1112 3841 1459 3918 praeclusa
1487 3848 1582 3904 est
1616 3840 1817 3903 ianua
1849 3842 2027 3904 caelo

529 3972 648 4013 nec
679 3951 801 4013 soli
830 3956 1174 4027 terraeque
1205 3971 1414 4028 neque
1447 3949 1601 4013 altis
1635 3950 1937 4027 aequoris
1967 3950 2185 4027 undiS,

551 4082 653 4131 349
672 4082 818 4143 vulg.
849 4080 1021 4130 isdem

1518 4167 1667 4219 [176]

2746 599 2845 647 345

2750 1147 2850 1196 350

2748 1867 2854 1915 355

2748 2416 2852 2465 360

2746 2964 2850 3014 365

2744 3512 2845 3560 370
