3182 4602
1086 387 1187 436 DE
1224 385 1488 436 RERVM
1524 384 1835 436 NATVRA
1880 385 1927 434 V

480 603 914 680 disiectosque
954 603 1210 681 redegit
1251 622 1451 680 equos
1487 601 1837 679 iunxitque
1876 600 2239 678 110111οη118,

483 712 638 776 111ᾶο
670 733 863 776 81111111
896 733 1016 790 per
1048 713 1176 775 iter
1209 711 1537 775 recreauit
1569 717 1813 774 cuncta
1844 711 2239 789 gubernans,

397 822 730 885 —scilicet
763 828 841 885 ut
874 828 1130 885 ueteres
1167 821 1442 886 Graium
1477 821 1767 884 cecinere
1801 827 2050 898 poetae.
2696 815 2802 864 405

483 932 659 1009 quod
692 933 925 1008 procul
957 952 998 995 a
1027 952 1191 995 uera
1221 931 1419 994 nimis
1451 937 1548 994 est
1581 930 1837 994 ratione
1870 929 2263 1008 repulsum.)

480 1041 657 1119 ignis
691 1041 866 1105 enim
897 1061 1213 1119 superare
1247 1047 1463 1119 potest
1494 1040 1612 1103 ubi
1643 1040 1949 1103 materiai

482 1171 562 1213 ex
593 1150 857 1213 infinito
885 1158 1042 1214 sunt
1072 1171 1350 1228 corpora
1380 1151 1578 1228 plura
1612 1156 1837 1212 coorta
1854 1176 1868 1226 ;

484 1261 638 1324 inde
674 1261 922 1323 cadunt
955 1260 1134 1324 uires
1169 1260 1393 1337 aliqua
1427 1260 1684 1324 ratione
1719 1259 2029 1337 reuictae,

485 1377 601 1433 aut
634 1377 916 1448 pereunt
948 1390 1052 1432 res
1083 1377 1348 1433 exustae
1381 1369 1790 1432 torrentibus
1824 1368 2023 1432 auris,
2698 1365 2802 1414 410

483 1500 674 1542 umor
705 1479 862 1542 item
895 1480 1227 1556 quondam
1260 1480 1475 1558 coepit
1507 1499 1823 1557 superare
1857 1485 2137 1555 coortus,

483 1596 561 1652 ut
595 1589 779 1652 fama
811 1595 926 1666 est,
958 1589 1298 1652 hominum
1331 1589 1508 1652 uitas
1541 1589 1808 1666 quando
1842 1588 2064 1652 obruit
2097 1588 2315 1650 undis,

485 1699 639 1762 inde
673 1698 790 1762 ubi
823 1698 928 1762 uis
963 1699 1189 1776 aliqua
1221 1699 1478 1762 ratione
1514 1719 1752 1762 auersa
1785 1699 2070 1775 recessit,

484 1830 563 1872 ex
599 1808 864 1896 infinito
900 1809 1126 1872 fuerat
1165 1829 1612 1886 quaecumque
1652 1815 1893 1885 coorta,

486 1919 928 1982 constiterunt
963 1918 1202 1981 imbres
1238 1926 1302 1981 et
1337 1918 1614 1981 flumina
1646 1918 1786 1981 uim
1820 1917 2226 1980 minuerunt.
2699 1915 2804 1963 415

612 2197 742 2260 Sed
776 2198 1014 2274 quibus
1048 2198 1157 2259 ille
1189 2198 1400 2260 modis
1432 2197 1766 2260 coniectus
1797 2197 2101 2260 materiai

486 2308 795 2372 fundarit
830 2316 1078 2371 10118111
1116 2315 1180 2371 01
1219 2310 1470 2371 080111111
1507 2308 1826 2386 pontique
1864 2308 2225 2386 profunda,

483 2417 637 2480 solis
671 2418 857 2481 lunai
891 2438 1140 2494 01118118,
1177 2440 1256 2481 ex
1290 2418 1520 2481 ordine
1556 2438 1817 2495 ponam.

1035 2524 1265 2575 ORIGO
1305 2524 1564 2574 MVNDI
1602 2525 1697 2574 ET
1737 2524 2061 2591 OMNIVM

485 2633 638 2675 ‘nam
673 2621 847 2677 certe
882 2634 1092 2690 neque
1128 2614 1401 2675 consilio
1432 2613 1802 2690 primordia
1834 2634 2057 2675 rerum

486 2722 716 2785 ordine
751 2743 816 2784 se
849 2744 968 2785 suo
1000 2743 1295 2800 quaeque
1331 2723 1547 2801 sagaci
1581 2730 1797 2785 mente
1833 2723 2138 2786 locarunt
2701 2719 2806 2768 420

485 2853 603 2894 nec
636 2853 796 2909 quos
830 2853 1124 2909 quaeque
1159 2834 1399 2895 darent
1426 2838 1645 2895 motus
1676 2832 1986 2911 pepigere
2020 2832 2340 2910 profecte,

486 2943 600 3005 sed
633 2942 789 3019 quia
820 2943 1034 3005 multa
1062 2943 1272 3005 modis
1303 2942 1531 3005 multis
1564 2942 1933 3019 primordia
1964 2963 2187 3005 rerum

486 3073 565 3115 ex
600 3052 862 3114 infinito
896 3052 1026 3114 iam
1059 3059 1352 3130 tempore
1391 3052 1646 3130 percita
1681 3053 1897 3130 plagis

487 3161 1018 3238 ponderibusque
1051 3162 1188 3224 suis
1224 3169 1626 3225 consuerunt
1660 3162 1917 3225 concita
1952 3162 2120 3225 ferri

488 3271 1002 3348 omnimodisque
1041 3272 1212 3334 coire
1249 3278 1446 3349 atque
1483 3272 1703 3335 omnia
1739 3266 2207 3350 pertemptare,
2702 3268 2806 3317 425

487 3401 936 3458 quaecumque
968 3381 1144 3444 inter
1177 3402 1244 3444 se
1279 3388 1544 3459 possent
1580 3402 1926 3459 congressa
1960 3401 2202 3458 creare,

403 3497 841 3569 —propterea
873 3490 950 3552 fit
980 3490 1083 3553 uti
1116 3512 1429 3568 magnum
1462 3493 1732 3569 uolgata
1766 3511 1884 3569 per
1919 3511 2146 3553 aeuom

489 3600 877 3678 omnigenus
910 3607 1131 3663 coetus
1167 3608 1230 3663 01
1265 3607 1483 3663 motus
1518 3600 1927 3677 experiundo
2138 3594 2143 3598 ⁵

487 3711 757 3773 tandem
793 3710 1192 3773 conueniant
1231 3729 1307 3773 ea
1340 3730 1506 3787 (11180
1542 3717 1869 3773 00111101118
1904 3717 2174 3787 repente

486 3840 879 3898 magnarum
909 3841 1132 3883 rerum
1162 3819 1333 3882 fiunt
1365 3819 1635 3883 exordia
1666 3840 1875 3897 saepe,
1974 3838 1979 3842 ·
2704 3817 2804 3865 430

511 3950 612 4000 412
651 3952 853 4001 multas
891 3952 1023 4013 fort.
1061 3952 1246 4001 vultus
1352 3952 1495 4013 vulg.
1534 3951 1688 4001 urbis

511 4018 612 4067 428
633 4019 778 4080 vulg.
809 4033 971 4068 omne
1000 4033 1178 4083 genus

509 4086 612 4134 429
632 4086 778 4148 vulg.
812 4091 1090 4137 convecta
1480 4155 1628 4207 [178]
