3182 4602
1211 437 1314 488 DE
1351 436 1616 486 RERVM
1652 436 1961 486 NATVRA
2006 435 2053 485 V

735 903 826 966 Et
858 923 1064 982 genus
1097 904 1459 967 humanum
1494 906 1707 967 multo
1739 904 1875 968 fuit
1909 905 2077 968 illud
2110 905 2183 965 in
2216 903 2398 967 aruis
2824 899 2922 948 925

607 1012 862 1090 duriuS,
895 1020 974 1076 ut
1006 1013 1246 1090 decuit,
1281 1014 1482 1076 tellus
1513 1015 1689 1092 quod
1724 1015 1895 1077 dura
1927 1019 2228 1090 creasset,

607 1128 672 1184 et
699 1121 1058 1186 maioribus
1087 1130 1151 1186 et
1181 1123 1408 1186 solidis
1437 1124 1647 1202 magis
1678 1124 1929 1186 ossibus
1959 1123 2143 1186 intus

607 1230 988 1309 fundatum,
1021 1233 1266 1296 ualidis
1299 1240 1533 1311 aptum
1568 1253 1689 1311 per
1721 1233 1978 1296 uiscera
2010 1233 2256 1309 neruiS,

605 1361 725 1404 nec
757 1341 954 1405 facile
986 1362 1067 1404 ex
1098 1350 1284 1406 aestu
1316 1363 1434 1406 nec
1469 1343 1721 1421 frigore
1756 1343 1932 1420 quod
1964 1349 2314 1420 caperetur

606 1447 726 1514 nec
755 1452 1054 1516 nouitate
1086 1452 1215 1515 cibi
1247 1474 1366 1515 nec
1396 1453 1532 1515 labi
1564 1452 1859 1530 corporis
1889 1453 2047 1516 ulla.
2827 1447 2927 1497 930

521 1562 944 1639 ——multaque
982 1581 1100 1639 per
1136 1563 1387 1625 caelum
1423 1562 1577 1624 solis
1614 1562 1956 1625 uoluentia
1987 1563 2204 1625 lustra

605 1670 960 1748 uolgiuago
991 1671 1202 1734 uitam
1234 1672 1615 1735 tractabant
1648 1691 1826 1735 more
1861 1671 2178 1734 ferarum.

605 1799 724 1843 nec
753 1781 1065 1843 robustus
1094 1786 1237 1843 erat
1270 1781 1462 1844 curui
1495 1781 1871 1844 moderator
1904 1781 2114 1843 aratri

605 1890 971 1967 quisquam,
1003 1911 1122 1953 nec
1154 1890 1363 1953 scibat
1396 1889 1580 1953 ferro
1610 1890 1902 1953 molirier
1937 1911 2101 1954 arua

604 2021 723 2062 nec
757 2019 933 2062 noua
966 1999 1276 2062 defodere
1311 2000 1382 2060 in
1414 2006 1664 2062 terram
1698 2000 1998 2078 uirgulta
2026 2019 2237 2076 neque
2272 1999 2425 2062 altis
2826 1997 2927 2046 935

604 2108 951 2172 arboribus
980 2116 1239 2172 ueteres
1269 2109 1568 2171 decidere
1604 2108 1885 2172 falcibu’
1920 2128 2153 2171 ramos.

612 2219 786 2296 quod
819 2219 918 2281 sol
951 2226 1147 2295 atque
1181 2218 1422 2280 imbres
1457 2219 1797 2294 dederant,
1835 2219 2009 2296 quod
2045 2225 2227 2281 terra
2262 2225 2519 2281 crearat

601 2336 836 2407 sponte
868 2349 1007 2406 sua,
1041 2330 1202 2393 satis
1235 2330 1306 2393 id
1339 2331 1645 2409 placabat
1680 2338 1947 2408 pectora
1979 2331 2245 2393 donum.

604 2438 1014 2516 glandiferas
1048 2439 1224 2503 inter
1255 2441 1580 2503 curabant
1614 2460 1890 2517 corpora
1924 2460 2204 2517 quercus

604 2548 1025 2625 plerumque3
1058 2556 1122 2612 et
1155 2569 1321 2626 quae
1352 2570 1530 2612 nunc
1560 2550 1835 2612 hiberno
1864 2555 2158 2627 tempore
2191 2548 2403 2612 cernis
2826 2546 2926 2595 940

603 2658 820 2721 arbita
853 2658 1133 2736 puniceo
1162 2658 1308 2720 fieri
1339 2666 1606 2722 matura
1638 2660 1868 2735 colore,

603 2767 895 2845 plurima
926 2773 1070 2831 tum
1104 2769 1301 2831 tellus
1336 2768 1533 2832 etiam
1569 2768 1819 2832 maiora
1856 2767 2133 2831 ferebat.

603 2878 940 2954 multaque
978 2884 1319 2955 praeterea
1354 2878 1619 2941 nouitas
1652 2884 1796 2941 tum
1831 2877 2067 2940 florida
2100 2876 2334 2939 mundi

603 2987 849 3065 pabula
882 2988 1052 3050 dura
1084 2987 1262 3063 tulit,
1297 2987 1551 3050 miseris
1585 2987 1977 3050 mortalibus
2009 2987 2249 3065 ampla.

602 3103 672 3159 at
701 3098 930 3160 sedare
959 3096 1138 3160 sitim
1169 3097 1361 3160 fluuii
1393 3097 1739 3174 fontesque
1771 3097 2116 3173 uocabant,
2821 3094 2924 3143 945

600 3213 678 3269 ut
708 3227 887 3269 nunc
916 3206 1250 3270 montibus
1281 3229 1314 3270 e
1343 3207 1601 3284 magnis
1630 3207 1948 3269 decursus
1979 3205 2176 3284 aquai

601 3316 928 3379 claricitat
958 3317 1088 3378 late
1119 3316 1413 3379 sitientia
1443 3317 1656 3379 saecla
1688 3315 2005 3378 ferarum.

599 3425 882 3502 denique
914 3433 1074 3489 nota
1104 3425 1262 3503 uagi
1295 3425 1628 3489 siluestria
1660 3427 1908 3503 templa
1939 3427 2254 3489 tenebant

600 3536 1064 3613 nympharum,
1100 3535 1338 3612 quibus
1372 3556 1404 3596 e
1437 3535 1694 3598 scibant
1726 3534 1970 3597 umori'
2004 3535 2254 3598 fluenta

597 3645 854 3708 lubrica
885 3646 1190 3724 proluuie
1222 3646 1409 3723 larga
1439 3646 1663 3708 lauere
1693 3644 1921 3707 umida
1952 3664 2129 3721 saxa,
2815 3642 2916 3692 950

597 3755 828 3817 umida
857 3776 1034 3832 saxa,
1069 3774 1268 3833 super
1300 3754 1507 3817 uiridi
1540 3754 1866 3817 stillantia
1897 3774 2137 3830 muscO,

599 3872 664 3928 et
695 3865 942 3959 partim
974 3866 1174 3952 plano
1207 3871 1454 3927 scatere
1488 3870 1686 3941 atque
1718 3883 2061 3941 erumpere
2094 3882 2344 3941 campo.

599 3953 902 4049 necdum:
910 3964 1016 4047 reg}
1047 3974 1187 4052 igni
1219 3974 1474 4037 scibant
1507 3980 1797 4036 tractare
1830 3992 2040 4049 neque
2073 3972 2176 4035 uti

619 4107 720 4157 925
741 4088 908 4167 vu‘zy.
917 4106 992 4156 At

611 4175 878 4235 947vu19.
916 4174 1101 4225 claru'
1106 4173 1251 4224 citat
1585 4207 1732 4258 [196]
