3182 4602
1223 429 1284 478 T.
1323 427 1649 480 LVGRETI
1685 429 1863 480 CARI

481 658 538 721 si
569 658 714 722 fieri
745 680 878 724 non
911 679 1096 739 posse
1129 668 1346 739 putas,
1382 661 1543 739 quin
1574 661 1879 725 materiai

482 789 759 847 corpora
791 770 1114 833 consimili
1147 777 1390 834 natura
1424 771 1731 849 praedita
1762 771 1992 849 fingas,

481 879 604 942 hac
638 879 894 945 ratione
928 879 1052 944 tibi
1087 887 1368 959 pereunt
1404 881 1771 959 primordia
1806 903 2048 946 rerum.

481 988 594 1053 fiet
626 990 728 1052 uti
759 989 900 1054 risu
931 992 1215 1055 tremulo
1244 1011 1558 1055 concussa
1589 991 1985 1054 cachinnent

483 1106 548 1162 et
578 1099 868 1162 lacrimis
898 1101 1088 1163 salsis
1114 1108 1448 1165 umectent
1482 1122 1601 1165 ora
1632 1121 1979 1180 genasque.
2697 1097 2797 1188 92⁰

579 1379 804 1454 (Nunc
838 1399 958 1457 age
993 1382 1168 1457 quod
1201 1388 1502 1458 superest
1537 1401 1847 1459 cognosce
1883 1388 1947 1445 et
1982 1380 2227 1445 clarius
2260 1380 2439 1444 audi.

483 1508 602 1551 nec
634 1510 736 1552 me
771 1489 974 1552 animi
1008 1489 1188 1553 fallit
1221 1511 1418 1568 quam
1449 1491 1584 1554 sint
1620 1492 1929 1567 obscura3
1966 1491 2078 1554 sed
2114 1490 2250 1555 acri

488 1598 808 1676 percussit
839 1601 1071 1676 thyrso
1101 1600 1322 1663 laudis
1351 1621 1500 1678 spes
1530 1621 1772 1678 magna
1804 1622 2021 1665 meum
2052 1621 2163 1664 cor

483 1715 548 1771 et
581 1707 776 1771 simul
805 1708 1080 1773 incussit
1111 1729 1381 1774 suauem
1411 1710 1501 1773 mi
1533 1711 1604 1772 in
1636 1717 1869 1788 pectus
1898 1730 2182 1774 amorem

483 1838 840 1894 musarum,
875 1839 1006 1896 quo
1035 1840 1213 1883 nunc
1245 1819 1603 1883 instinctus
1634 1825 1849 1882 mente
1882 1819 2139 1898 uigenti
2240 1823 2248 1832 '
2697 1816 2797 1866 925

484 1928 638 1991 auia
671 1928 1011 1992 Pieridum
1045 1949 1328 2007 peragro
1358 1930 1503 1992 loca
1533 1929 1785 1993 nullius
1818 1936 1971 1993 ante

483 2037 650 2101 trita
680 2024 833 2101 solo.
869 2038 1061 2102 iuuat
1095 2039 1386 2117 integros
1419 2040 1724 2102 accedere
1761 2039 1969 2102 fontis

485 2154 682 2225 atque
714 2147 1004 2225 haurire,
1039 2149 1358 2226 iuuatque
1393 2169 1600 2212 nouos
1630 2149 1979 2227 decerpere
2012 2149 2204 2212 flores

485 2257 935 2337 insignemque
967 2279 1110 2323 meo
1141 2258 1346 2338 capiti
1379 2265 1603 2338 petere
1635 2259 1789 2322 inde
1824 2278 2130 2323 coronam

483 2369 660 2432 unde
694 2368 882 2447 prius
914 2369 1085 2433 nulli
1116 2369 1406 2433 uelarint
1438 2357 1739 2448 tempora
1769 2390 2011 2433 musae.
2697 2366 2795 2415 930

484 2478 776 2555 primum
808 2480 981 2556 quod
1015 2478 1273 2557 magnis
1306 2479 1504 2542 doceo
1534 2480 1615 2541 de
1649 2480 1846 2543 rebus
1876 2487 1941 2543 et
1975 2479 2141 2543 artis

484 2588 877 2666 religionum
911 2588 1205 2651 animum
1237 2589 1428 2651 nodis
1463 2590 1796 2653 exsoluere
1831 2609 2068 2667 perg03

485 2698 722 2760 deinde
754 2700 928 2775 quod
962 2699 1236 2762 obscura
1269 2699 1348 2760 de
1379 2719 1450 2760 re
1482 2706 1621 2763 tam
1651 2698 1873 2763 lucida
1906 2719 2126 2777 pango

484 2808 796 2884 carmina,
828 2828 1094 2871 musaeo
1124 2808 1510 2886 contingens
1543 2816 1781 2872 cuncta
1813 2810 2054 2886 lepore.

399 2917 554 2979 ——id
586 2938 843 2995 quoque
873 2918 1048 2981 enim
1079 2939 1210 2981 non
1243 2919 1323 2981 ab
1355 2919 1544 2981 nulla
1571 2918 1828 2981 ratione
1861 2918 2151 2981 uidetur.
2698 2915 2797 2964 935

483 3028 597 3091 sed
629 3028 842 3091 ueluti
874 3028 1100 3105 pueris
1132 3028 1462 3091 absinthia
1495 3035 1711 3092 taetra
1744 3029 2077 3092 medentes

485 3158 632 3200 cum
663 3138 822 3200 dare
853 3144 1196 3215 conantur,
1230 3138 1418 3216 prius
1450 3158 1601 3201 oras
1629 3140 1865 3216 pocula
1897 3139 2143 3201 circum

485 3247 880 3325 contingunt
914 3247 1127 3311 mellis
1160 3248 1340 3311 dulci
1375 3248 1678 3326 flauoque
1713 3248 1997 3325 liquore,·

483 3364 561 3420 ut
596 3377 955 3435 puerorum
991 3365 1173 3421 aetas
1203 3358 1556 3436 inprovida
1588 3358 1969 3421 ludificetur

484 3467 819 3530 labrorum
852 3474 1062 3544 tenus„
1098 3467 1353 3531 interea
1385 3473 1691 3546 perpotet
1725 3489 2031 3555 amarum·
2697 3464 2797 3515 940

486 3576 776 3640 absinthi
811 3576 1072 3640 laticem
1110 3578 1511 3655 deceptaque
1548 3598 1683 3640 non
1720 3577 2045 3655 capiatur,

484 3687 598 3749 sed
631 3686 852 3764 potius
885 3687 1007 3749 tali
1041 3694 1237 3764 pacto
1268 3694 1562 3751 recreata
1596 3688 1905 3764 ualescat,

484 3796 576 3859 sic
608 3816 726 3874 ego
756 3817 952 3874 nunc,
987 3796 1296 3873 quoniam
1327 3798 1485 3860 haec
1517 3797 1692 3860 ratio
1723 3798 2109 3875 plerumque
2142 3796 2326 3860 uidet
2339 3806 2574 3869 <ur>

422 3916 428 3921 '
484 3906 740 3969 tristior
774 3926 907 3970 esse
940 3906 1179 3983 quibus
1211 3926 1344 3968 non
1379 3913 1475 3970 est
1508 3913 1817 3983 tractata,
1852 3912 2159 3984 retroque

485 4016 720 4093 uolgus
751 4017 1060 4079 abhorret
1091 4018 1172 4079 ab
1203 4017 1344 4093 hac,
1376 4015 1562 4079 uolui
1593 4016 1718 4078 tibi
1748 4015 2239 4093 suauiloquenti
2697 4012 2797 4063 945

507 4122 608 4171 906
629 4122 774 4183 vulo,
809 4122 1152 4173 conficerent
1191 4160 1204 4171 .
1244 4160 1256 4172 .
1297 4160 1308 4172 .
1347 4126 1668 4173 cremarent

1467 4204 1607 4257 ’[32]
