3182 4602
1155 433 1258 482 DE
1295 431 1558 482 RERVM
1596 430 1905 480 NATVRA
1952 429 1998 478 V

549 647 770 710 omnia
804 646 1141 725 dispositis
1171 647 1381 725 signis
1409 653 1647 710 ornata
1678 646 2052 720 notarunt.)
2566 681 2569 686 -
2770 639 2873 688 695

551 763 670 820 aut
703 755 858 833 quia
891 757 1170 819 crassior
1205 763 1302 820 est
1335 756 1533 818 certis
1564 756 1637 817 in
1670 755 1974 834 partibus
2008 774 2140 831 aer,

548 867 672 929 sub
705 865 904 928 terris
937 865 1085 928 ideo
1115 866 1473 929 tremulum
1508 865 1701 928 iubar
1735 863 2019 928 haesitat
2053 863 2228 941 ignis

549 996 670 1038 nec
703 983 1050 1054 penetrare
1085 981 1300 1054 potest
1335 975 1530 1038 facile
1564 981 1762 1051 atque
1795 993 2123 1051 emergere
2158 974 2243 1036 ad
2276 978 2481 1035 ortus.

552 1092 906 1163 propterea
937 1092 1157 1148 noctes
1190 1085 1468 1148 hiberno
1498 1091 1793 1162 tempore
1826 1084 2059 1160 longae

552 1202 826 1271 cessant,
861 1195 1020 1257 dum
1051 1195 1280 1257 ueniat
1311 1194 1649 1256 radiatum
1682 1193 1937 1270 insigne
1967 1192 2121 1254 diei.
2771 1187 2871 1235 700

553 1311 671 1368 aut
706 1305 922 1381 etiam,
959 1304 1115 1381 quia
1149 1304 1240 1366 sic
1275 1303 1550 1366 alternis
1583 1303 1887 1381 partibus
1922 1301 2082 1365 anni

552 1414 813 1477 tardius
845 1421 910 1476 et
942 1414 1138 1476 citius
1170 1420 1570 1476 consuerunt
1604 1413 1930 1475 confluere
1964 1411 2149 1489 ignes

552 1523 668 1601 qui
702 1524 965 1586 faciunt
997 1524 1196 1586 solem
1229 1530 1412 1586 certa
1446 1524 1525 1584 de
1557 1542 1828 1599 surgere
1864 1527 2075 1598 parte.

465 1639 906 1712 —propterea
937 1633 1013 1695 fit
1043 1633 1146 1696 uti
1178 1632 1538 1695 uideantur
1570 1631 1788 1693 dicere
1820 1651 2073 1694 uerum.

1239 1739 1340 1789 DE
1379 1738 1641 1787 LVNAE
1682 1737 1987 1787 LVMINE

677 1829 868 1891 Luna
899 1835 1114 1906 potest
1143 1828 1296 1890 solis
1326 1828 1533 1890 radiis
1564 1846 1874 1905 percussa
1904 1827 2115 1890 nitere
2770 1823 2873 1873 705

553 1938 751 2015 inque
784 1938 924 2001 dies
957 1938 1167 2016 magis
1210 1938 1511 2009 <hinc>
1556 1939 1778 2000 lumen
1812 1943 2195 1999 conuertere
2230 1934 2419 1998 nobis

553 2049 640 2110 ad
673 2047 972 2125 speciem,
1010 2054 1334 2125 quantum
1370 2047 1523 2109 solis
1557 2046 1801 2109 secedit
1837 2047 1917 2109 ab
1955 2045 2115 2108 orbi.

554 2157 838 2234 donique
871 2177 1019 2220 eum
1053 2164 1286 2220 contra
1318 2158 1515 2234 pleno
1545 2158 1707 2218 bene
1741 2155 1987 2218 lumine
2023 2155 2217 2217 fulsit

553 2273 751 2345 atque
784 2267 999 2331 oriens
1031 2266 1250 2330 obitus
1280 2267 1420 2330 eius
1453 2286 1652 2345 super
1686 2265 1867 2329 edita
1895 2264 2105 2342 uidit3

552 2378 706 2439 inde
735 2377 1118 2440 minutatim
1149 2383 1330 2438 retro
1360 2376 1549 2454 quasi
1580 2378 1857 2439 condere
1891 2377 2112 2438 lumen
2771 2371 2885 2420 710⁹

553 2488 744 2550 debet
777 2487 952 2563 item,
985 2493 1235 2564 quanto
1267 2485 1543 2565 propius
1575 2486 1707 2548 iam
1738 2484 1889 2547 solis
1923 2486 2008 2547 ad
2038 2484 2256 2562 ignem

552 2597 802 2659 labitur
834 2617 914 2659 ex
947 2596 1077 2659 alia
1111 2596 1450 2673 signorum
1485 2602 1677 2673 parte
1712 2616 1831 2672 per
1865 2596 2119 2670 orbem3

551 2714 629 2769 ut
661 2706 940 2783 faciunt,
973 2708 1200 2768 lunam
1231 2706 1345 2783 qui
1377 2706 1641 2783 fingunt
1673 2725 1807 2768 esse
1840 2704 2003 2782 pilai

554 2816 952 2879 consimilem
985 2835 1344 2892 cursusque
1377 2814 1556 2877 uiam
1591 2816 1712 2876 sub
1744 2814 1875 2875 sole
1906 2819 2147 2875 tenere.

465 2933 649 2987 —est
681 2925 878 2989 etiam
910 2945 1114 3002 quare
1146 2924 1422 3003 proprio
1450 2945 1599 2986 cum
1630 2922 1876 2985 lumine
1911 2922 2117 3000 possit
2770 2918 2869 2967 715

551 3036 807 3097 uoluier
843 3042 906 3097 et
940 3034 1163 3097 uarias
1199 3033 1568 3112 splendoris
1601 3033 1875 3095 reddere
1912 3032 2180 3094 formas,

554 3165 792 3223 corpus
825 3144 998 3208 enim
1031 3144 1184 3207 licet
1219 3165 1353 3208 esse
1387 3144 1571 3207 aliud
1606 3143 1778 3219 quod
1816 3142 2036 3205 fertur
2070 3148 2135 3205 et
2166 3161 2302 3203 una

552 3255 800 3317 labitur
837 3254 1225 3316 omnimodis
1261 3273 1611 3316 occursans
1646 3234 2077 3328 officiensque'

551 3385 670 3426 nec
704 3364 876 3441 potis
907 3370 1002 3427 est
1037 3363 1236 3439 cerni,
1271 3364 1427 3440 quia
1459 3383 1713 3425 cassum
1746 3360 1994 3423 lumine
2030 3360 2269 3422 fertur.

551 3474 934 3550 uersarique
969 3479 1204 3551 potest,
1241 3473 1470 3550 globus
1501 3478 1595 3547 ut,
1632 3471 1688 3532 si
1722 3470 1916 3547 forte,
1952 3468 2116 3547 pilai
2766 3463 2863 3513 720

553 3582 833 3645 dimidia
861 3604 940 3645 ex
973 3582 1153 3661 parti
1186 3581 1497 3645 candenti
1529 3580 1778 3643 lumine
1810 3579 2081 3655 tinctuS,

549 3693 1006 3769 uersandoque
1043 3693 1309 3769 globum
1346 3689 1675 3753 uariantis
1712 3690 1903 3753 edere
1941 3689 2209 3765 formaS,

551 3803 838 3880 donique
870 3823 1011 3865 eam
1043 3807 1320 3880 partem,
1353 3818 1800 3878 quaecumque
1834 3805 1931 3862 est
1963 3798 2227 3877 ignibus
2258 3804 2472 3876 aucta,

551 3913 637 3975 ad
669 3911 950 3989 speciem
980 3910 1186 3973 uertit
1218 3910 1406 3972 nobis
1437 3910 1785 3987 oculosque
1818 3908 2145 3987 patentis3

575 4044 815 4093 704⁴*705
837 4043 980 4102 vulg.

574 4112 675 4161 706
694 4111 840 4171 vuly.
879 4109 1066 4168 <id>

1543 4202 1693 4255 [188]
