3182 4602
1199 355 1302 404 DE
1338 355 1605 406 RERVM
1639 355 1948 405 NATVRA
1988 355 2023 405 Ι

579 568 1040 632 inreuocabilis
1066 561 1429 633 'abstulerit
1463 569 1597 632 iam
1634 569 1998 648 praeterita
2035 576 2248 646 aetas3

548 679 861 756 (namque
893 678 1061 742 aliut
1092 678 1310 756 terris,
1345 679 1513 742 aliut
1547 679 1927 758 regionibus
1958 679 2121 757 ipsis

577 795 888 851 euentum
919 788 1052 852 dici
1081 789 1328 867 poterit
1358 790 1815 867 quodcumque
1847 789 1975 851 erit
2006 790 2279 866 actum.)
2788 785 2891 835 470

577 898 860 976 denique
889 898 1195 962 materies
1225 898 1281 961 si
1313 919 1536 962 rerum
1567 899 1756 962 nulla
1788 898 2026 962 fuisset

575 1028 692 1071 nec
723 1009 907 1071 locus
934 1029 1010 1072 ac
1039 1008 1350 1086 spatium,
1383 1028 1487 1071 res
1516 1008 1587 1070 in
1620 1029 1751 1086 quo
1781 1029 2077 1086 quaeque
2109 1013 2454 1086 geruntur,

547 1109 936 1195 'numquam
972 1118 1375 1195 Tyndaridis
1410 1117 1627 1181 forma
1661 1118 1983 1181 conflatus
2016 1117 2256 1181 amoris

575 1227 767 1305 ignis,
804 1227 1175 1318 Alexandri
1212 1215 1515 1306 Phrygio
1541 1229 1663 1290 sub
1700 1235 1961 1306 pectore
1998 1206 2331 1307 gliscenss

576 1338 755 1400 clara
789 1337 1190 1401 accendisset
1223 1337 1406 1400 saeui
1441 1337 1805 1401 certamina
1836 1337 2011 1414 belli,
2786 1335 2891 1384 475

575 1468 691 1510 nec
731 1449 899 1510 clam
938 1448 1258 1510 durateus
1299 1447 1630 1510 Troiianis
1666 1448 1988 1525 Pergama
2028 1453 2232 1525 partu

575 1556 1042 1620 inflammasset
1080 1577 1278 1634 equos
1313 1564 1641 1620 nocturno
1679 1556 2270 1634 Graiiugenarum3

576 1666 947 1745 perspicere
981 1672 1058 1730 ut
1093 1667 1302 1746 possis
1335 1687 1440 1729 res
1474 1673 1690 1744 gestas
1724 1665 2035 1729 funditus
2070 1666 2280 1728 omnis

575 1797 707 1839 non
743 1776 838 1839 ita
874 1776 977 1839 uti
1012 1797 1254 1855 corpus
1286 1796 1406 1855 per
1438 1797 1504 1840 se
1540 1783 1839 1840 constare
1875 1796 2085 1854 neque
2122 1795 2274 1852 esse,

575 1905 691 1948 nec
722 1886 977 1949 ratione
1009 1887 1225 1949 cluere
1257 1887 1482 1950 eadem
1513 1907 1647 1964 qua
1676 1892 1929 1949 constet
1960 1885 2175 1963 inane,
2786 1883 2889 1933 480

575 1997 686 2059 sed
719 1996 929 2074 magis
963 2003 1041 2059 ut
1075 1995 1313 2059 merito
1346 1995 1556 2074 possis
1588 2002 1829 2058 euenta
1861 2015 2098 2058 uocare

576 2093 886 2184 corporis,
920 2112 1118 2183 atque
1149 2105 1275 2169 loci
1308 2125 1412 2167 res
1444 2105 1515 2166 in
1547 2125 1680 2183 quo
1711 2125 2005 2183 quaeque
2040 2112 2379 2183 gerantur.

700 2470 996 2548 Corpora
1028 2477 1420 2549 sunt'porro
1452 2470 1700 2548 partim
1735 2470 2100 2549 primordia
2132 2491 2375 2548 rerum,

575 2580 819 2656 partim
853 2580 1128 2643 concilio
1160 2601 1327 2658 quae
1362 2587 1667 2644 constant
1702 2579 2203 2659 principiorum.

493 2688 686 2751 —sed
718 2709 884 2766 quae
917 2695 1075 2752 sunt
1104 2710 1327 2752 rerum
1359 2689 1745 2768 primordia,
1780 2691 1965 2753 nulla
2001 2696 2216 2768 potest
2249 2689 2354 2753 uis
2782 2688 2887 2737 485

574 2798 943 2876 stinguere3
976 2820 1130 2861 nam
1162 2798 1373 2862 solido
1402 2799 1687 2862 uincunt
1721 2820 1796 2863 ea
1829 2819 2101 2877 corpore
2134 2800 2417 2862 demum.

575 2908 694 2970 etsi
730 2908 990 2972 difficile
1025 2929 1160 2971 esse
1196 2908 1467 2971 uidetur
1504 2908 1768 2995 credere
1805 2909 2156 2986 quicquam

572 3016 643 3079 in
674 3019 871 3081 rebus
899 3018 1108 3081 solido
1136 3018 1419 3098 reperiri
1449 3038 1723 3098 corpore
1753 3038 1958 3097 posse.

577 3128 815 3191 transit
849 3128 1022 3190 enim
1056 3127 1312 3211 fulmen
1345 3128 1508 3191 caeli
1540 3148 1661 3206 per
1690 3135 1920 3206 saepta
1952 3128 2313 3205 domorum,

575 3237 817 3299 clamor
848 3244 926 3300 ut
961 3258 1034 3300 ac
1069 3258 1262 3300 uoces
1280 3264 1293 3313 3
1331 3236 1587 3301 ferrum
1622 3238 1953 3300 candescit
1989 3237 2059 3298 in
2094 3236 2234 3315 igni
2782 3235 2886 3285 490

572 3346 1038 3424 dissiliuntque
1074 3346 1214 3409 fere
1251 3346 1544 3410 feruenti
1578 3367 1739 3410 saxa
1771 3367 2053 3424 uapore3

573 3476 719 3519 cum
756 3456 1199 3520 labefactatus
1234 3456 1415 3535 rigor
1455 3456 1603 3520 auri
1641 3455 1925 3518 soluitur
1965 3463 2169 3532 aestu,

572 3572 714 3628 tum
749 3566 989 3644 glacies
1024 3566 1195 3629 aeris
1229 3566 1490 3629 flamma
1528 3565 1792 3628 deuicta
1828 3564 2165 3643 liquescit3

575 3682 919 3753 permanat
959 3676 1138 3738 calor
1174 3682 1523 3753 argentum
1563 3675 2029 3753 penetraleque
2069 3674 2306 3752 frigus,

575 3786 838 3862 quando
872 3792 1228 3862 utrumque
1265 3805 1466 3847 11181111
1501 3784 1861 3847 retinentes
1896 3785 2132 3862 pocula
2165 3784 2293 3847 rite
2782 3784 2886 3834 495

594 3916 696 3965 469
716 3916 851 3979 fort.
879 3930 980 3981 per
1007 3930 1110 3965 res.

594 3985 693 4033 491
714 3986 860 4046 vuly.
892 3984 1015 4034 fero
1048 3983 1323 4034 ferventia

595 4053 695 4103 492
715 4054 860 4114 vulg.
894 4056 1013 4104 tum

1578 4137 1693 4189 [17]
