<?xml version="1.0" encoding="UTF-8"?>
<!DOCTYPE html PUBLIC "-//W3C//DTD XHTML 1.0 Transitional//EN"
    "http://www.w3.org/TR/xhtml1/DTD/xhtml1-transitional.dtd">
<html xmlns="http://www.w3.org/1999/xhtml" xml:lang="en" lang="en">
 <head>
  <title>
</title>
<meta http-equiv="Content-Type" content="text/html;charset=utf-8" />
  <meta name='ocr-system' content='tesseract 3.04.00' />
  <meta name='ocr-capabilities' content='ocr_page ocr_carea ocr_par ocr_line ocrx_word'/>
</head>
<body>
  <div class='ocr_page' id='page_1' title='image "./lvcretiderervmn00unkngoog_0238.png"; bbox 0 0 3182 4602; ppageno 0'>
   <div class='ocr_carea' id='block_1_1' title="bbox 1245 430 1891 481">
    <p class='ocr_par' dir='ltr' id='par_1_1' title="bbox 1245 430 1891 481">
     <span class='ocr_line' id='line_1_1' title="bbox 1245 430 1891 481; baseline 0 -3"><span class='ocrx_word' id='word_1_1' title='bbox 1245 431 1305 478; x_wconf 90' lang='lat' dir='ltr'><strong>T.</strong></span> <span class='ocrx_word' id='word_1_2' title='bbox 1347 430 1674 480; x_wconf 77' lang='lat' dir='ltr'><strong><em>LVGRETI</em></strong></span> <span class='ocrx_word' id='word_1_3' title='bbox 1713 430 1891 481; x_wconf 78' lang='lat' dir='ltr'><strong><em>CARI</em></strong></span> 
     </span>
    </p>
   </div>
   <div class='ocr_carea' id='block_1_2' title="bbox 405 644 2811 3905">
    <p class='ocr_par' dir='ltr' id='par_1_2' title="bbox 410 644 2131 832">
     <span class='ocr_line' id='line_1_2' title="bbox 498 644 2131 724; baseline 0.002 -20"><span class='ocrx_word' id='word_1_4' title='bbox 498 644 763 722; x_wconf 82' lang='lat' dir='ltr'>liquisse</span> <span class='ocrx_word' id='word_1_5' title='bbox 798 652 862 708; x_wconf 92' lang='lat' dir='ltr'><strong>et</strong></span> <span class='ocrx_word' id='word_1_6' title='bbox 894 665 1167 724; x_wconf 88' lang='lat' dir='ltr'><strong>magnas</strong></span> <span class='ocrx_word' id='word_1_7' title='bbox 1199 646 1362 708; x_wconf 88' lang='lat' dir='ltr'><strong>caeli</strong></span> <span class='ocrx_word' id='word_1_8' title='bbox 1395 647 1747 723; x_wconf 83' lang='lat' dir='ltr'>complesse</span> <span class='ocrx_word' id='word_1_9' title='bbox 1780 666 2131 708; x_wconf 89' lang='lat' dir='ltr'><strong>cauernas:</strong></span> 
     </span>
     <span class='ocr_line' id='line_1_3' title="bbox 410 755 2025 832; baseline 0.001 -15"><span class='ocrx_word' id='word_1_10' title='bbox 410 775 702 832; x_wconf 92' lang='lat' dir='ltr'><strong>—usque</strong></span> <span class='ocrx_word' id='word_1_11' title='bbox 736 756 899 818; x_wconf 88' lang='lat' dir='ltr'><strong>adeo</strong></span> <span class='ocrx_word' id='word_1_12' title='bbox 928 760 1144 819; x_wconf 89' lang='lat' dir='ltr'><strong>taetra</strong></span> <span class='ocrx_word' id='word_1_13' title='bbox 1175 755 1549 818; x_wconf 89' lang='lat' dir='ltr'><strong>nimborum</strong></span> <span class='ocrx_word' id='word_1_14' title='bbox 1581 762 1771 819; x_wconf 91' lang='lat' dir='ltr'><strong>nocte</strong></span> <span class='ocrx_word' id='word_1_15' title='bbox 1802 761 2025 818; x_wconf 89' lang='lat' dir='ltr'><strong>coorta</strong></span> 
     </span>
    </p>

    <p class='ocr_par' dir='ltr' id='par_1_3' title="bbox 497 863 1983 942">
     <span class='ocr_line' id='line_1_4' title="bbox 497 863 1983 942; baseline 0.001 -18"><span class='ocrx_word' id='word_1_16' title='bbox 497 863 863 942; x_wconf 90' lang='lat' dir='ltr'><strong>inpendent</strong></span> <span class='ocrx_word' id='word_1_17' title='bbox 899 872 1081 927; x_wconf 87' lang='lat' dir='ltr'><strong>atrae</strong></span> <span class='ocrx_word' id='word_1_18' title='bbox 1117 865 1496 928; x_wconf 81' lang='lat' dir='ltr'>formidinis</span> <span class='ocrx_word' id='word_1_19' title='bbox 1531 885 1647 928; x_wconf 87' lang='lat' dir='ltr'><strong>ora</strong></span> <span class='ocrx_word' id='word_1_20' title='bbox 1680 885 1983 942; x_wconf 86' lang='lat' dir='ltr'><strong>superne,</strong></span> 
     </span>
    </p>

    <p class='ocr_par' dir='ltr' id='par_1_4' title="bbox 495 971 2811 1162">
     <span class='ocr_line' id='line_1_5' title="bbox 497 971 2811 1052; baseline 0 -16"><span class='ocrx_word' id='word_1_21' title='bbox 497 995 647 1036; x_wconf 89' lang='lat' dir='ltr'><strong>cum</strong></span> <span class='ocrx_word' id='word_1_22' title='bbox 678 974 1038 1037; x_wconf 86' lang='lat' dir='ltr'><strong>commoliri</strong></span> <span class='ocrx_word' id='word_1_23' title='bbox 1068 981 1423 1052; x_wconf 82' lang='lat' dir='ltr'><strong>tempestas</strong></span> <span class='ocrx_word' id='word_1_24' title='bbox 1456 974 1747 1038; x_wconf 82' lang='lat' dir='ltr'><strong>fulmina</strong></span> <span class='ocrx_word' id='word_1_25' title='bbox 1775 981 2055 1052; x_wconf 78' lang='lat' dir='ltr'><strong>coeptat.</strong></span> <span class='ocrx_word' id='word_1_26' title='bbox 2708 971 2811 1020; x_wconf 85' lang='lat'><strong>255</strong></span> 
     </span>
     <span class='ocr_line' id='line_1_6' title="bbox 495 1084 2371 1162; baseline 0 -17"><span class='ocrx_word' id='word_1_27' title='bbox 495 1090 841 1161; x_wconf 85' lang='lat' dir='ltr'><strong>praeterea</strong></span> <span class='ocrx_word' id='word_1_28' title='bbox 871 1104 1184 1162; x_wconf 85' lang='lat' dir='ltr'><strong>persaepe</strong></span> <span class='ocrx_word' id='word_1_29' title='bbox 1216 1085 1407 1162; x_wconf 86' lang='lat' dir='ltr'><strong>niger</strong></span> <span class='ocrx_word' id='word_1_30' title='bbox 1439 1105 1695 1162; x_wconf 92' lang='lat' dir='ltr'><strong>quoque</strong></span> <span class='ocrx_word' id='word_1_31' title='bbox 1729 1105 1848 1162; x_wconf 90' lang='lat' dir='ltr'><strong>per</strong></span> <span class='ocrx_word' id='word_1_32' title='bbox 1879 1105 2058 1147; x_wconf 88' lang='lat' dir='ltr'><strong>mare</strong></span> <span class='ocrx_word' id='word_1_33' title='bbox 2090 1084 2371 1160; x_wconf 79' lang='lat' dir='ltr'><strong>nimbuS,</strong></span> 
     </span>
    </p>

    <p class='ocr_par' dir='ltr' id='par_1_5' title="bbox 496 1193 2074 1272">
     <span class='ocr_line' id='line_1_7' title="bbox 496 1193 2074 1272; baseline 0 -16"><span class='ocrx_word' id='word_1_34' title='bbox 496 1200 574 1256; x_wconf 87' lang='lat' dir='ltr'><strong>ut</strong></span> <span class='ocrx_word' id='word_1_35' title='bbox 604 1193 770 1272; x_wconf 92' lang='lat' dir='ltr'><strong>picis</strong></span> <span class='ocrx_word' id='word_1_36' title='bbox 800 1214 832 1255; x_wconf 98' lang='lat' dir='ltr'><strong>e</strong></span> <span class='ocrx_word' id='word_1_37' title='bbox 865 1195 1042 1256; x_wconf 91' lang='lat' dir='ltr'><strong>caelo</strong></span> <span class='ocrx_word' id='word_1_38' title='bbox 1074 1194 1426 1256; x_wconf 89' lang='lat' dir='ltr'><strong>demissum</strong></span> <span class='ocrx_word' id='word_1_39' title='bbox 1458 1193 1722 1271; x_wconf 90' lang='lat' dir='ltr'><strong>flumen,</strong></span> <span class='ocrx_word' id='word_1_40' title='bbox 1755 1193 1827 1254; x_wconf 94' lang='lat' dir='ltr'><strong>in</strong></span> <span class='ocrx_word' id='word_1_41' title='bbox 1858 1194 2074 1256; x_wconf 92' lang='lat' dir='ltr'><strong>undas</strong></span> 
     </span>
    </p>

    <p class='ocr_par' dir='ltr' id='par_1_6' title="bbox 496 1289 2278 1389">
     <span class='ocr_line' id='line_1_8' title="bbox 496 1289 2278 1389; baseline 0 -25"><span class='ocrx_word' id='word_1_42' title='bbox 496 1303 588 1366; x_wconf 91' lang='lat' dir='ltr'><strong>sic</strong></span> <span class='ocrx_word' id='word_1_43' title='bbox 619 1303 799 1366; x_wconf 90' lang='lat' dir='ltr'><strong>cadit</strong></span> <span class='ocrx_word' id='word_1_44' title='bbox 833 1289 1103 1366; x_wconf 86' lang='lat' dir='ltr'><strong>effertus</strong></span> <span class='ocrx_word' id='word_1_45' title='bbox 1135 1304 1424 1389; x_wconf 83' lang='lat' dir='ltr'><strong>tenebris</strong></span> <span class='ocrx_word' id='word_1_46' title='bbox 1457 1305 1691 1381; x_wconf 88' lang='lat' dir='ltr'><strong>procul</strong></span> <span class='ocrx_word' id='word_1_47' title='bbox 1723 1310 1788 1366; x_wconf 91' lang='lat' dir='ltr'><strong>et</strong></span> <span class='ocrx_word' id='word_1_48' title='bbox 1820 1303 2032 1366; x_wconf 90' lang='lat' dir='ltr'><strong>trahit</strong></span> <span class='ocrx_word' id='word_1_49' title='bbox 2064 1309 2278 1367; x_wconf 88' lang='lat' dir='ltr'><strong>atram</strong></span> 
     </span>
    </p>

    <p class='ocr_par' dir='ltr' id='par_1_7' title="bbox 497 1411 2365 1491">
     <span class='ocr_line' id='line_1_9' title="bbox 497 1411 2365 1491; baseline 0 -17"><span class='ocrx_word' id='word_1_50' title='bbox 497 1411 894 1476; x_wconf 81' lang='lat' dir='ltr'><strong>fulminibus</strong></span> <span class='ocrx_word' id='word_1_51' title='bbox 926 1413 1275 1491; x_wconf 87' lang='lat' dir='ltr'><strong>grauidam</strong></span> <span class='ocrx_word' id='word_1_52' title='bbox 1313 1419 1771 1490; x_wconf 84' lang='lat' dir='ltr'><strong>tempestatem</strong></span> <span class='ocrx_word' id='word_1_53' title='bbox 1808 1419 2005 1490; x_wconf 88' lang='lat' dir='ltr'><strong>atque</strong></span> <span class='ocrx_word' id='word_1_54' title='bbox 2042 1413 2365 1491; x_wconf 77' lang='lat' dir='ltr'><strong>procelliS,</strong></span> 
     </span>
    </p>

    <p class='ocr_par' dir='ltr' id='par_1_8' title="bbox 495 1519 2810 1710">
     <span class='ocr_line' id='line_1_10' title="bbox 497 1519 2810 1600; baseline 0.001 -17"><span class='ocrx_word' id='word_1_55' title='bbox 497 1522 760 1600; x_wconf 86' lang='lat' dir='ltr'><strong>ignibus</strong></span> <span class='ocrx_word' id='word_1_56' title='bbox 796 1544 870 1585; x_wconf 91' lang='lat' dir='ltr'><strong>ac</strong></span> <span class='ocrx_word' id='word_1_57' title='bbox 904 1523 1122 1585; x_wconf 91' lang='lat' dir='ltr'><strong>uentis</strong></span> <span class='ocrx_word' id='word_1_58' title='bbox 1157 1544 1305 1585; x_wconf 92' lang='lat' dir='ltr'><strong>cum</strong></span> <span class='ocrx_word' id='word_1_59' title='bbox 1339 1523 1572 1600; x_wconf 89' lang='lat' dir='ltr'><strong>primis</strong></span> <span class='ocrx_word' id='word_1_60' title='bbox 1609 1523 1747 1600; x_wconf 90' lang='lat' dir='ltr'><strong>ipse</strong></span> <span class='ocrx_word' id='word_1_61' title='bbox 1781 1523 2093 1600; x_wconf 77' lang='lat' dir='ltr'><strong>repletUS,</strong></span> <span class='ocrx_word' id='word_1_62' title='bbox 2709 1519 2810 1568; x_wconf 86' lang='lat'><strong>260</strong></span> 
     </span>
     <span class='ocr_line' id='line_1_11' title="bbox 495 1631 2305 1710; baseline 0.001 -18"><span class='ocrx_word' id='word_1_63' title='bbox 495 1631 567 1693; x_wconf 90' lang='lat' dir='ltr'><strong>in</strong></span> <span class='ocrx_word' id='word_1_64' title='bbox 597 1639 780 1695; x_wconf 93' lang='lat' dir='ltr'><strong>terra</strong></span> <span class='ocrx_word' id='word_1_65' title='bbox 811 1653 1069 1710; x_wconf 90' lang='lat' dir='ltr'><strong>quoque</strong></span> <span class='ocrx_word' id='word_1_66' title='bbox 1101 1639 1178 1695; x_wconf 92' lang='lat' dir='ltr'><strong>ut</strong></span> <span class='ocrx_word' id='word_1_67' title='bbox 1209 1634 1594 1695; x_wconf 83' lang='lat' dir='ltr'><strong>horrescant</strong></span> <span class='ocrx_word' id='word_1_68' title='bbox 1628 1653 1702 1694; x_wconf 91' lang='lat' dir='ltr'><strong>ac</strong></span> <span class='ocrx_word' id='word_1_69' title='bbox 1733 1639 1909 1695; x_wconf 89' lang='lat' dir='ltr'><strong>tecta</strong></span> <span class='ocrx_word' id='word_1_70' title='bbox 1941 1632 2305 1710; x_wconf 87' lang='lat' dir='ltr'><strong>requirant.</strong></span> 
     </span>
    </p>

    <p class='ocr_par' dir='ltr' id='par_1_9' title="bbox 494 1742 2303 1820">
     <span class='ocr_line' id='line_1_12' title="bbox 494 1742 2303 1820; baseline -0.001 -16"><span class='ocrx_word' id='word_1_71' title='bbox 494 1742 587 1804; x_wconf 82' lang='lat' dir='ltr'><strong>sic</strong></span> <span class='ocrx_word' id='word_1_72' title='bbox 618 1742 828 1820; x_wconf 88' lang='lat' dir='ltr'><strong>igitur</strong></span> <span class='ocrx_word' id='word_1_73' title='bbox 857 1763 1098 1820; x_wconf 91' lang='lat' dir='ltr'><strong>supera</strong></span> <span class='ocrx_word' id='word_1_74' title='bbox 1130 1750 1431 1805; x_wconf 90' lang='lat' dir='ltr'><strong>nostrum</strong></span> <span class='ocrx_word' id='word_1_75' title='bbox 1463 1750 1665 1820; x_wconf 91' lang='lat' dir='ltr'><strong>caput</strong></span> <span class='ocrx_word' id='word_1_76' title='bbox 1698 1763 1831 1806; x_wconf 87' lang='lat' dir='ltr'><strong>esse</strong></span> <span class='ocrx_word' id='word_1_77' title='bbox 1865 1742 2303 1819; x_wconf 83' lang='lat' dir='ltr'><strong>putandumst</strong></span> 
     </span>
    </p>

    <p class='ocr_par' dir='ltr' id='par_1_10' title="bbox 494 1851 2206 1930">
     <span class='ocr_line' id='line_1_13' title="bbox 494 1851 2206 1930; baseline 0 -16"><span class='ocrx_word' id='word_1_78' title='bbox 494 1857 951 1930; x_wconf 90' lang='lat' dir='ltr'><strong>tempestatem</strong></span> <span class='ocrx_word' id='word_1_79' title='bbox 984 1853 1220 1929; x_wconf 86' lang='lat' dir='ltr'><strong>altam3</strong></span> <span class='ocrx_word' id='word_1_80' title='bbox 1252 1872 1464 1930; x_wconf 90' lang='lat' dir='ltr'><strong>neque</strong></span> <span class='ocrx_word' id='word_1_81' title='bbox 1498 1852 1672 1915; x_wconf 91' lang='lat' dir='ltr'><strong>enim</strong></span> <span class='ocrx_word' id='word_1_82' title='bbox 1702 1851 1983 1929; x_wconf 90' lang='lat' dir='ltr'><strong>caligine</strong></span> <span class='ocrx_word' id='word_1_83' title='bbox 2014 1858 2206 1914; x_wconf 90' lang='lat' dir='ltr'><strong>tanta</strong></span> 
     </span>
    </p>

    <p class='ocr_par' dir='ltr' id='par_1_11' title="bbox 496 1961 2125 2039">
     <span class='ocr_line' id='line_1_14' title="bbox 496 1961 2125 2039; baseline -0.001 -16"><span class='ocrx_word' id='word_1_84' title='bbox 496 1962 848 2024; x_wconf 92' lang='lat' dir='ltr'><strong>obruerent</strong></span> <span class='ocrx_word' id='word_1_85' title='bbox 882 1969 1114 2038; x_wconf 91' lang='lat' dir='ltr'><strong>terras,</strong></span> <span class='ocrx_word' id='word_1_86' title='bbox 1148 1961 1279 2024; x_wconf 88' lang='lat' dir='ltr'><strong>nisi</strong></span> <span class='ocrx_word' id='word_1_87' title='bbox 1314 1961 1734 2025; x_wconf 88' lang='lat' dir='ltr'><strong>inaedificata</strong></span> <span class='ocrx_word' id='word_1_88' title='bbox 1767 1981 2050 2039; x_wconf 89' lang='lat' dir='ltr'><strong>superne</strong></span> <span class='ocrx_word' id='word_1_89' title='bbox 2119 1971 2125 1978; x_wconf 83' lang='lat'>‘</span> 
     </span>
    </p>

    <p class='ocr_par' dir='ltr' id='par_1_12' title="bbox 493 2067 2810 2259">
     <span class='ocr_line' id='line_1_15' title="bbox 494 2067 2810 2149; baseline 0 -17"><span class='ocrx_word' id='word_1_90' title='bbox 494 2073 705 2134; x_wconf 90' lang='lat' dir='ltr'><strong>multa</strong></span> <span class='ocrx_word' id='word_1_91' title='bbox 738 2071 961 2135; x_wconf 90' lang='lat' dir='ltr'><strong>forent</strong></span> <span class='ocrx_word' id='word_1_92' title='bbox 992 2071 1220 2134; x_wconf 91' lang='lat' dir='ltr'><strong>multis</strong></span> <span class='ocrx_word' id='word_1_93' title='bbox 1253 2079 1554 2149; x_wconf 85' lang='lat' dir='ltr'><strong>exempto</strong></span> <span class='ocrx_word' id='word_1_94' title='bbox 1586 2071 1817 2134; x_wconf 91' lang='lat' dir='ltr'><strong>nubila</strong></span> <span class='ocrx_word' id='word_1_95' title='bbox 1848 2072 1998 2149; x_wconf 91' lang='lat' dir='ltr'><strong>sole,</strong></span> <span class='ocrx_word' id='word_1_96' title='bbox 2707 2067 2810 2116; x_wconf 81' lang='lat'><strong>265</strong></span> 
     </span>
     <span class='ocr_line' id='line_1_16' title="bbox 493 2180 2160 2259; baseline 0.001 -18"><span class='ocrx_word' id='word_1_97' title='bbox 493 2201 612 2244; x_wconf 90' lang='lat' dir='ltr'><strong>nec</strong></span> <span class='ocrx_word' id='word_1_98' title='bbox 642 2188 834 2244; x_wconf 91' lang='lat' dir='ltr'><strong>tanto</strong></span> <span class='ocrx_word' id='word_1_99' title='bbox 866 2189 1130 2259; x_wconf 86' lang='lat' dir='ltr'><strong>possent</strong></span> <span class='ocrx_word' id='word_1_100' title='bbox 1162 2181 1504 2244; x_wconf 91' lang='lat' dir='ltr'><strong>uenientes</strong></span> <span class='ocrx_word' id='word_1_101' title='bbox 1537 2181 1911 2259; x_wconf 90' lang='lat' dir='ltr'><strong>opprimere</strong></span> <span class='ocrx_word' id='word_1_102' title='bbox 1945 2180 2160 2257; x_wconf 90' lang='lat' dir='ltr'><strong>imbri,</strong></span> 
     </span>
    </p>

    <p class='ocr_par' dir='ltr' id='par_1_13' title="bbox 494 2290 2285 2370">
     <span class='ocr_line' id='line_1_17' title="bbox 494 2290 2285 2370; baseline 0 -18"><span class='ocrx_word' id='word_1_103' title='bbox 494 2290 769 2354; x_wconf 88' lang='lat' dir='ltr'><strong>flumina</strong></span> <span class='ocrx_word' id='word_1_104' title='bbox 801 2292 1140 2355; x_wconf 88' lang='lat' dir='ltr'><strong>abundare</strong></span> <span class='ocrx_word' id='word_1_105' title='bbox 1170 2299 1248 2355; x_wconf 91' lang='lat' dir='ltr'><strong>ut</strong></span> <span class='ocrx_word' id='word_1_106' title='bbox 1281 2290 1581 2355; x_wconf 86' lang='lat' dir='ltr'><strong>facerent</strong></span> <span class='ocrx_word' id='word_1_107' title='bbox 1611 2312 2001 2370; x_wconf 90' lang='lat' dir='ltr'><strong>camposque</strong></span> <span class='ocrx_word' id='word_1_108' title='bbox 2035 2298 2285 2368; x_wconf 90' lang='lat' dir='ltr'><strong>natare,</strong></span> 
     </span>
    </p>

    <p class='ocr_par' dir='ltr' id='par_1_14' title="bbox 493 2382 2026 2465">
     <span class='ocr_line' id='line_1_18' title="bbox 493 2382 2026 2465; baseline 0.001 -2"><span class='ocrx_word' id='word_1_109' title='bbox 493 2401 550 2463; x_wconf 91' lang='lat' dir='ltr'><strong>si</strong></span> <span class='ocrx_word' id='word_1_110' title='bbox 577 2422 712 2463; x_wconf 93' lang='lat' dir='ltr'><strong>non</strong></span> <span class='ocrx_word' id='word_1_111' title='bbox 744 2402 1064 2465; x_wconf 87' lang='lat' dir='ltr'><strong>extructis</strong></span> <span class='ocrx_word' id='word_1_112' title='bbox 1094 2402 1270 2465; x_wconf 87' lang='lat' dir='ltr'><strong>foret</strong></span> <span class='ocrx_word' id='word_1_113' title='bbox 1302 2403 1433 2465; x_wconf 88' lang='lat' dir='ltr'><strong>alte</strong></span> <span class='ocrx_word' id='word_1_114' title='bbox 1461 2382 1752 2464; x_wconf 85' lang='lat' dir='ltr'><strong>nubibus</strong></span> <span class='ocrx_word' id='word_1_115' title='bbox 1783 2403 2026 2465; x_wconf 87' lang='lat' dir='ltr'><strong>aether.</strong></span> 
     </span>
    </p>

    <p class='ocr_par' dir='ltr' id='par_1_15' title="bbox 493 2510 2095 2590">
     <span class='ocr_line' id='line_1_19' title="bbox 493 2510 2095 2590; baseline 0.002 -19"><span class='ocrx_word' id='word_1_116' title='bbox 493 2510 598 2573; x_wconf 80' lang='lat' dir='ltr'><strong>hic</strong></span> <span class='ocrx_word' id='word_1_117' title='bbox 631 2510 840 2589; x_wconf 89' lang='lat' dir='ltr'><strong>igitur</strong></span> <span class='ocrx_word' id='word_1_118' title='bbox 869 2512 1090 2574; x_wconf 90' lang='lat' dir='ltr'><strong>uentis</strong></span> <span class='ocrx_word' id='word_1_119' title='bbox 1121 2519 1317 2589; x_wconf 88' lang='lat' dir='ltr'><strong>atque</strong></span> <span class='ocrx_word' id='word_1_120' title='bbox 1348 2512 1615 2590; x_wconf 87' lang='lat' dir='ltr'><strong>ignibus</strong></span> <span class='ocrx_word' id='word_1_121' title='bbox 1647 2512 1867 2575; x_wconf 88' lang='lat' dir='ltr'><strong>omnia</strong></span> <span class='ocrx_word' id='word_1_122' title='bbox 1896 2512 2095 2589; x_wconf 87' lang='lat' dir='ltr'><strong>plena</strong></span> 
     </span>
    </p>

    <p class='ocr_par' dir='ltr' id='par_1_16' title="bbox 492 2619 2808 2903">
     <span class='ocr_line' id='line_1_20' title="bbox 492 2619 2808 2699; baseline 0 -17"><span class='ocrx_word' id='word_1_123' title='bbox 492 2628 683 2697; x_wconf 85' lang='lat' dir='ltr'><strong>sunt3</strong></span> <span class='ocrx_word' id='word_1_124' title='bbox 716 2621 863 2683; x_wconf 89' lang='lat' dir='ltr'><strong>ideo</strong></span> <span class='ocrx_word' id='word_1_125' title='bbox 891 2622 1135 2699; x_wconf 89' lang='lat' dir='ltr'><strong>passim</strong></span> <span class='ocrx_word' id='word_1_126' title='bbox 1165 2620 1477 2684; x_wconf 81' lang='lat' dir='ltr'><strong>fremitus</strong></span> <span class='ocrx_word' id='word_1_127' title='bbox 1507 2629 1570 2684; x_wconf 94' lang='lat' dir='ltr'><strong>et</strong></span> <span class='ocrx_word' id='word_1_128' title='bbox 1603 2620 1879 2699; x_wconf 89' lang='lat' dir='ltr'><strong>fulgura</strong></span> <span class='ocrx_word' id='word_1_129' title='bbox 1907 2622 2098 2683; x_wconf 89' lang='lat' dir='ltr'><strong>fiunt.</strong></span> <span class='ocrx_word' id='word_1_130' title='bbox 2706 2619 2808 2669; x_wconf 84' lang='grc'><strong>270</strong></span> 
     </span>
     <span class='ocr_line' id='line_1_21' title="bbox 494 2716 2694 2809; baseline 0 -17"><span class='ocrx_word' id='word_1_131' title='bbox 494 2730 740 2809; x_wconf 90' lang='lat' dir='ltr'><strong>quippe</strong></span> <span class='ocrx_word' id='word_1_132' title='bbox 774 2730 1015 2793; x_wconf 91' lang='lat' dir='ltr'><strong>etenim</strong></span> <span class='ocrx_word' id='word_1_133' title='bbox 1047 2731 1478 2808; x_wconf 79' lang='lat' dir='ltr'><strong>supra‚docui</strong></span> <span class='ocrx_word' id='word_1_134' title='bbox 1511 2732 1846 2808; x_wconf 89' lang='lat' dir='ltr'><strong>permulta</strong></span> <span class='ocrx_word' id='word_1_135' title='bbox 1876 2731 2147 2809; x_wconf 91' lang='lat' dir='ltr'><strong>uaporis</strong></span> <span class='ocrx_word' id='word_1_136' title='bbox 2688 2716 2694 2724; x_wconf 49' lang='lat'><strong><em>¹</em></strong></span> 
     </span>
     <span class='ocr_line' id='line_1_22' title="bbox 493 2840 2163 2903; baseline 0.001 -2"><span class='ocrx_word' id='word_1_137' title='bbox 493 2840 742 2903; x_wconf 90' lang='lat' dir='ltr'><strong>semina</strong></span> <span class='ocrx_word' id='word_1_138' title='bbox 769 2841 1008 2903; x_wconf 90' lang='lat' dir='ltr'><strong>habere</strong></span> <span class='ocrx_word' id='word_1_139' title='bbox 1041 2861 1238 2903; x_wconf 88' lang='lat' dir='ltr'><strong>cauas</strong></span> <span class='ocrx_word' id='word_1_140' title='bbox 1268 2842 1476 2903; x_wconf 91' lang='lat' dir='ltr'><strong>nubes</strong></span> <span class='ocrx_word' id='word_1_141' title='bbox 1505 2847 1570 2903; x_wconf 89' lang='lat' dir='ltr'><strong>et</strong></span> <span class='ocrx_word' id='word_1_142' title='bbox 1601 2842 1814 2903; x_wconf 90' lang='lat' dir='ltr'><strong>multa</strong></span> <span class='ocrx_word' id='word_1_143' title='bbox 1844 2848 2163 2903; x_wconf 82' lang='lat' dir='ltr'><strong>necessest</strong></span> 
     </span>
    </p>

    <p class='ocr_par' dir='ltr' id='par_1_17' title="bbox 493 2950 2056 3027">
     <span class='ocr_line' id='line_1_23' title="bbox 493 2950 2056 3027; baseline 0.001 -15"><span class='ocrx_word' id='word_1_144' title='bbox 493 2950 833 3027; x_wconf 90' lang='lat' dir='ltr'><strong>concipere</strong></span> <span class='ocrx_word' id='word_1_145' title='bbox 869 2970 948 3011; x_wconf 86' lang='lat' dir='ltr'><strong>ex</strong></span> <span class='ocrx_word' id='word_1_146' title='bbox 983 2950 1136 3012; x_wconf 92' lang='lat' dir='ltr'><strong>solis</strong></span> <span class='ocrx_word' id='word_1_147' title='bbox 1171 2950 1377 3013; x_wconf 88' lang='lat' dir='ltr'><strong>radiis</strong></span> <span class='ocrx_word' id='word_1_148' title='bbox 1412 2951 1776 3027; x_wconf 91' lang='lat' dir='ltr'><strong>ardoreque</strong></span> <span class='ocrx_word' id='word_1_149' title='bbox 1814 2971 2056 3013; x_wconf 90' lang='lat' dir='ltr'><strong>eorum.</strong></span> 
     </span>
    </p>

    <p class='ocr_par' dir='ltr' id='par_1_18' title="bbox 405 3060 2068 3138">
     <span class='ocr_line' id='line_1_24' title="bbox 405 3060 2068 3138; baseline 0 -17"><span class='ocrx_word' id='word_1_150' title='bbox 405 3061 611 3121; x_wconf 81' lang='lat' dir='ltr'><strong>—hoc</strong></span> <span class='ocrx_word' id='word_1_151' title='bbox 642 3060 757 3121; x_wconf 94' lang='lat' dir='ltr'><strong>ubi</strong></span> <span class='ocrx_word' id='word_1_152' title='bbox 786 3066 1029 3122; x_wconf 91' lang='lat' dir='ltr'><strong>uentus</strong></span> <span class='ocrx_word' id='word_1_153' title='bbox 1061 3080 1168 3122; x_wconf 89' lang='lat' dir='ltr'><strong>eas</strong></span> <span class='ocrx_word' id='word_1_154' title='bbox 1200 3060 1373 3122; x_wconf 89' lang='lat' dir='ltr'><strong>idem</strong></span> <span class='ocrx_word' id='word_1_155' title='bbox 1405 3060 1520 3138; x_wconf 90' lang='lat' dir='ltr'><strong>qui</strong></span> <span class='ocrx_word' id='word_1_156' title='bbox 1553 3060 1728 3137; x_wconf 89' lang='lat' dir='ltr'><strong>cogit</strong></span> <span class='ocrx_word' id='word_1_157' title='bbox 1758 3060 1830 3121; x_wconf 91' lang='lat' dir='ltr'><strong>in</strong></span> <span class='ocrx_word' id='word_1_158' title='bbox 1859 3080 2068 3122; x_wconf 92' lang='lat' dir='ltr'><strong>unum</strong></span> 
     </span>
    </p>

    <p class='ocr_par' dir='ltr' id='par_1_19' title="bbox 491 3166 2807 3357">
     <span class='ocr_line' id='line_1_25' title="bbox 493 3166 2807 3247; baseline 0 -18"><span class='ocrx_word' id='word_1_159' title='bbox 493 3168 666 3231; x_wconf 85' lang='lat' dir='ltr'><strong>forte</strong></span> <span class='ocrx_word' id='word_1_160' title='bbox 701 3170 916 3231; x_wconf 91' lang='lat' dir='ltr'><strong>locum</strong></span> <span class='ocrx_word' id='word_1_161' title='bbox 949 3170 1266 3246; x_wconf 91' lang='lat' dir='ltr'><strong>quemuis,</strong></span> <span class='ocrx_word' id='word_1_162' title='bbox 1301 3169 1623 3247; x_wconf 86' lang='lat' dir='ltr'><strong>expressit</strong></span> <span class='ocrx_word' id='word_1_163' title='bbox 1656 3170 1871 3232; x_wconf 91' lang='lat' dir='ltr'><strong>multa</strong></span> <span class='ocrx_word' id='word_1_164' title='bbox 1899 3170 2169 3247; x_wconf 89' lang='lat' dir='ltr'><strong>uaporis</strong></span> <span class='ocrx_word' id='word_1_165' title='bbox 2705 3166 2807 3215; x_wconf 88' lang='grc'>275</span> 
     </span>
     <span class='ocr_line' id='line_1_26' title="bbox 491 3278 2105 3357; baseline -0.001 -17"><span class='ocrx_word' id='word_1_166' title='bbox 491 3279 740 3341; x_wconf 91' lang='lat' dir='ltr'><strong>semina</strong></span> <span class='ocrx_word' id='word_1_167' title='bbox 770 3298 964 3355; x_wconf 88' lang='lat' dir='ltr'><strong>seque</strong></span> <span class='ocrx_word' id='word_1_168' title='bbox 996 3279 1193 3341; x_wconf 93' lang='lat' dir='ltr'><strong>simul</strong></span> <span class='ocrx_word' id='word_1_169' title='bbox 1224 3300 1371 3341; x_wconf 93' lang='lat' dir='ltr'><strong>cum</strong></span> <span class='ocrx_word' id='word_1_170' title='bbox 1404 3300 1476 3341; x_wconf 94' lang='lat' dir='ltr'><strong>eo</strong></span> <span class='ocrx_word' id='word_1_171' title='bbox 1508 3279 1914 3342; x_wconf 88' lang='lat' dir='ltr'><strong>commiscuit</strong></span> <span class='ocrx_word' id='word_1_172' title='bbox 1946 3278 2105 3357; x_wconf 88' lang='lat' dir='ltr'><strong>igni,</strong></span> 
     </span>
    </p>

    <p class='ocr_par' dir='ltr' id='par_1_20' title="bbox 491 3388 1876 3452">
     <span class='ocr_line' id='line_1_27' title="bbox 491 3388 1876 3452; baseline 0.001 -4"><span class='ocrx_word' id='word_1_173' title='bbox 491 3388 868 3451; x_wconf 89' lang='lat' dir='ltr'><strong>insinuatus</strong></span> <span class='ocrx_word' id='word_1_174' title='bbox 901 3388 994 3451; x_wconf 90' lang='lat' dir='ltr'><strong>ibi</strong></span> <span class='ocrx_word' id='word_1_175' title='bbox 1026 3396 1262 3451; x_wconf 86' lang='lat' dir='ltr'><strong>uortex</strong></span> <span class='ocrx_word' id='word_1_176' title='bbox 1293 3397 1603 3452; x_wconf 90' lang='lat' dir='ltr'><strong>uersatur</strong></span> <span class='ocrx_word' id='word_1_177' title='bbox 1637 3389 1707 3450; x_wconf 91' lang='lat' dir='ltr'><strong>in</strong></span> <span class='ocrx_word' id='word_1_178' title='bbox 1742 3391 1876 3451; x_wconf 91' lang='lat' dir='ltr'><strong>alto</strong></span> 
     </span>
    </p>

    <p class='ocr_par' dir='ltr' id='par_1_21' title="bbox 460 3488 2159 3685">
     <span class='ocr_line' id='line_1_28' title="bbox 491 3488 1995 3574; baseline 0.001 -16"><span class='ocrx_word' id='word_1_179' title='bbox 491 3504 555 3560; x_wconf 89' lang='lat' dir='ltr'><strong>et</strong></span> <span class='ocrx_word' id='word_1_180' title='bbox 589 3497 821 3560; x_wconf 89' lang='lat' dir='ltr'><strong>calidis</strong></span> <span class='ocrx_word' id='word_1_181' title='bbox 854 3499 1033 3561; x_wconf 90' lang='lat' dir='ltr'><strong>acuit</strong></span> <span class='ocrx_word' id='word_1_182' title='bbox 1068 3488 1325 3560; x_wconf 88' lang='lat' dir='ltr'><strong>fulmen</strong></span> <span class='ocrx_word' id='word_1_183' title='bbox 1361 3490 1745 3561; x_wconf 86' lang='lat' dir='ltr'><strong>fornacibus</strong></span> <span class='ocrx_word' id='word_1_184' title='bbox 1780 3499 1995 3574; x_wconf 84' lang='lat' dir='ltr'><strong>intus3</strong></span> 
     </span>
     <span class='ocr_line' id='line_1_29' title="bbox 460 3608 2159 3685; baseline 0.001 -18"><span class='ocrx_word' id='word_1_185' title='bbox 460 3608 646 3684; x_wconf 93' lang='lat' dir='ltr'><strong>(nam</strong></span> <span class='ocrx_word' id='word_1_186' title='bbox 680 3608 932 3685; x_wconf 89' lang='lat' dir='ltr'><strong>duplici</strong></span> <span class='ocrx_word' id='word_1_187' title='bbox 963 3608 1220 3671; x_wconf 89' lang='lat' dir='ltr'><strong>ratione</strong></span> <span class='ocrx_word' id='word_1_188' title='bbox 1239 3608 1655 3683; x_wconf 83' lang='lat' dir='ltr'><strong>accenditur,</strong></span> <span class='ocrx_word' id='word_1_189' title='bbox 1690 3608 1829 3685; x_wconf 91' lang='lat' dir='ltr'><strong>ipse</strong></span> <span class='ocrx_word' id='word_1_190' title='bbox 1862 3628 1982 3670; x_wconf 90' lang='lat' dir='ltr'><strong>sua</strong></span> <span class='ocrx_word' id='word_1_191' title='bbox 2012 3628 2159 3670; x_wconf 92' lang='lat' dir='ltr'><strong>cum</strong></span> 
     </span>
    </p>

    <p class='ocr_par' dir='ltr' id='par_1_22' title="bbox 487 3714 2805 3905">
     <span class='ocr_line' id='line_1_30' title="bbox 490 3714 2805 3795; baseline 0.001 -18"><span class='ocrx_word' id='word_1_192' title='bbox 490 3717 854 3780; x_wconf 89' lang='lat' dir='ltr'><strong>mobilitate</strong></span> <span class='ocrx_word' id='word_1_193' title='bbox 887 3718 1148 3780; x_wconf 89' lang='lat' dir='ltr'><strong>calescit</strong></span> <span class='ocrx_word' id='word_1_194' title='bbox 1182 3726 1245 3779; x_wconf 91' lang='lat' dir='ltr'><strong>et</strong></span> <span class='ocrx_word' id='word_1_195' title='bbox 1277 3738 1309 3779; x_wconf 98' lang='lat' dir='ltr'><strong>e</strong></span> <span class='ocrx_word' id='word_1_196' title='bbox 1343 3718 1731 3794; x_wconf 89' lang='lat' dir='ltr'><strong>contagibus</strong></span> <span class='ocrx_word' id='word_1_197' title='bbox 1761 3717 1997 3795; x_wconf 82' lang='lat' dir='ltr'><strong>ignis).</strong></span> <span class='ocrx_word' id='word_1_198' title='bbox 2702 3714 2805 3764; x_wconf 86' lang='grc'>280</span> 
     </span>
     <span class='ocr_line' id='line_1_31' title="bbox 487 3826 2233 3905; baseline 0.001 -18"><span class='ocrx_word' id='word_1_199' title='bbox 487 3826 644 3890; x_wconf 81' lang='lat' dir='ltr'><strong>inde</strong></span> <span class='ocrx_word' id='word_1_200' title='bbox 675 3826 791 3888; x_wconf 93' lang='lat' dir='ltr'><strong>ubi</strong></span> <span class='ocrx_word' id='word_1_201' title='bbox 823 3827 1150 3904; x_wconf 90' lang='lat' dir='ltr'><strong>percaluit</strong></span> <span class='ocrx_word' id='word_1_202' title='bbox 1181 3826 1368 3889; x_wconf 91' lang='lat' dir='ltr'><strong>uenti</strong></span> <span class='ocrx_word' id='word_1_203' title='bbox 1401 3827 1504 3888; x_wconf 91' lang='lat' dir='ltr'><strong>uis</strong></span> <span class='ocrx_word' id='word_1_204' title='bbox 1546 3833 1759 3898; x_wconf 89' lang='lat' dir='ltr'><strong>&lt;et&gt;</strong></span> <span class='ocrx_word' id='word_1_205' title='bbox 1802 3826 2027 3904; x_wconf 89' lang='lat' dir='ltr'><strong>grauis</strong></span> <span class='ocrx_word' id='word_1_206' title='bbox 2060 3826 2233 3905; x_wconf 89' lang='lat' dir='ltr'><strong>ignis</strong></span> 
     </span>
    </p>
   </div>
   <div class='ocr_carea' id='block_1_3' title="bbox 513 3957 1383 4086">
    <p class='ocr_par' dir='ltr' id='par_1_23' title="bbox 513 3957 1383 4086">
     <span class='ocr_line' id='line_1_32' title="bbox 513 3957 1383 4020; baseline 0.001 -14"><span class='ocrx_word' id='word_1_207' title='bbox 513 3958 612 4007; x_wconf 86' lang='lat'><strong>258</strong></span> <span class='ocrx_word' id='word_1_208' title='bbox 633 3961 689 4007; x_wconf 90' lang='lat' dir='ltr'><strong>et</strong></span> <span class='ocrx_word' id='word_1_209' title='bbox 725 3957 904 4007; x_wconf 85' lang='lat' dir='ltr'><strong>fertus</strong></span> <span class='ocrx_word' id='word_1_210' title='bbox 973 3959 1106 4020; x_wconf 79' lang='lat' dir='ltr'><strong>fort.</strong></span> <span class='ocrx_word' id='word_1_211' title='bbox 1142 3962 1196 4007; x_wconf 88' lang='lat' dir='ltr'><strong>et</strong></span> <span class='ocrx_word' id='word_1_212' title='bbox 1231 3958 1383 4007; x_wconf 89' lang='lat' dir='ltr'><strong>fetus</strong></span> 
     </span>
     <span class='ocr_line' id='line_1_33' title="bbox 514 4026 939 4086; baseline 0.009 -14"><span class='ocrx_word' id='word_1_213' title='bbox 514 4026 613 4075; x_wconf 86' lang='lat'><strong>277</strong></span> <span class='ocrx_word' id='word_1_214' title='bbox 635 4026 779 4086; x_wconf 75' lang='lat' dir='ltr'><strong>vuly.</strong></span> <span class='ocrx_word' id='word_1_215' title='bbox 812 4030 939 4076; x_wconf 86' lang='lat' dir='ltr'><strong>arto</strong></span> 
     </span>
    </p>
   </div>
   <div class='ocr_carea' id='block_1_4' title="bbox 1479 4204 1628 4255">
    <p class='ocr_par' dir='ltr' id='par_1_24' title="bbox 1479 4204 1628 4255">
     <span class='ocr_line' id='line_1_34' title="bbox 1479 4204 1628 4255; baseline 0.007 -9"><span class='ocrx_word' id='word_1_216' title='bbox 1479 4204 1628 4255; x_wconf 85' lang='lat'><strong>[223]</strong></span> 
     </span>
    </p>
   </div>
  </div>
 </body>
</html>
