3182 4602
986 395 1088 443 DE
1125 395 1391 444 RERVM
1425 395 1736 445 NATVRA
1776 396 1811 445 Ι

362 627 482 669 nec
513 627 818 685 prorsum
848 608 1068 672 facere
1095 615 1172 672 ut
1200 616 1402 672 restet
1433 609 1655 672 minus
1683 609 1779 673 ire
1808 609 2117 674 meando:
2542 606 2680 656 1005

362 737 571 794 usque
605 718 768 780 adeo
800 719 1044 796 passim
1078 725 1263 797 patet
1296 719 1528 797 ingens
1562 720 1752 798 copia
1784 720 1999 796 rebus,

361 826 607 889 finibus
641 829 978 906 exemptis,
1013 829 1084 890 in
1117 836 1391 892 cunctas
1418 830 1715 907 undique
1749 829 1979 907 partis
2044 861 2051 867 ·

491 938 648 1015 Ipsa
678 939 944 1001 modum
975 959 1177 1016 porro
1203 938 1329 1001 sibi
1359 959 1584 1002 rerum
1612 959 1864 1002 summa
1896 959 2134 1017 parare

362 1068 446 1110 ne
482 1047 706 1124 possit,
742 1055 989 1111 natura
1020 1054 1219 1126 tenet,
1254 1070 1422 1126 quae
1456 1069 1696 1126 corpus
1730 1048 1915 1112 inani

363 1164 430 1219 et
464 1158 638 1234 quod
673 1157 868 1220 inane
902 1165 1121 1221 autem
1156 1166 1252 1221 est
1284 1158 1466 1220 finiri
1493 1179 1771 1236 corpore
1804 1158 1996 1236 cogit,
2544 1155 2679 1204 1010

362 1274 440 1329 ut
479 1267 571 1329 sic
610 1269 885 1330 alternis
924 1268 1188 1332 infinita
1226 1269 1444 1331 omnia
1483 1270 1757 1345 reddat3

366 1384 484 1439 aut
517 1377 716 1439 etiam
751 1379 1168 1454 alterutrum,
1207 1379 1336 1440 nisi
1370 1379 1683 1441 terminet
1717 1380 1999 1441 alterum
2036 1398 2279 1454 eorum,

363 1486 659 1563 simplice
693 1494 940 1551 natura
975 1494 1202 1565 pateat
1240 1487 1461 1551 tamen
1499 1489 2003 1564 inmoderatum,

363 1617 483 1659 nec
512 1618 692 1660 mare
722 1617 841 1659 nec
870 1599 1067 1660 tellus
1097 1618 1306 1675 neque
1337 1599 1501 1660 caeli
1530 1598 1757 1661 lucida
1782 1598 2033 1675 templa

364 1727 483 1769 nec
513 1708 789 1770 mortale
821 1727 1028 1784 genus
1059 1728 1177 1770 nec
1211 1708 1434 1770 diuom
1466 1728 1747 1785 corpora
1776 1714 2003 1770 sancta
2545 1705 2681 1753 1015

365 1815 676 1892 exiguum
709 1824 972 1894 possent
1001 1816 1191 1879 horai
1223 1817 1450 1879 sistere
1481 1824 1745 1894 tempus
1762 1844 1776 1894 ;

363 1945 517 1988 nam
548 1907 846 2003 dispulsa
875 1946 995 1989 suo
1024 1928 1104 1990 de
1134 1933 1321 1990 coetu
1350 1926 1654 1989 materiai

367 2035 554 2113 copia
587 2035 882 2099 ferretur
913 2057 1227 2114 magnum
1261 2057 1380 2114 per
1413 2036 1610 2098 inane
1642 2038 1875 2114 soluta,

365 2145 506 2208 siue
544 2147 707 2208 adeo
742 2146 965 2223 potius
1004 2167 1364 2224 numquam
1404 2154 1709 2209 concreta
1749 2152 2029 2209 creasset

364 2255 570 2317 ullam
601 2276 758 2333 rem,
793 2255 1104 2332 quoniam
1137 2255 1281 2333 cogi
1313 2255 1586 2319 disiecta
1618 2254 1969 2333 nequisset.
2546 2252 2681 2303 1020

336 2364 521 2439 (nam
557 2372 731 2428 certe
763 2386 976 2442 neque
1009 2364 1277 2428 consilio
1314 2365 1681 2443 primordia
1716 2387 1939 2428 rerum

368 2474 597 2535 ordine
629 2494 694 2536 se
723 2495 842 2537 suo
871 2495 1166 2552 quaeque
1198 2475 1417 2552 sagaci
1447 2483 1665 2539 mente
1694 2477 1999 2539 locarunt

364 2604 483 2646 nec
517 2604 680 2661 quos
714 2605 1010 2662 quaeque
1055 2587 1368 2656 <darent
1402 2593 1619 2648 motus
1656 2586 1966 2664 pepigere
2001 2585 2404 2663 profecto>,

367 2693 479 2754 sed
526 2694 716 2771 (quia
750 2696 964 2757 multa
994 2695 1205 2757 modis
1239 2695 1469 2757 multis
1499 2702 1759 2757 mutata
1795 2716 1914 2773 per
1949 2715 2135 2759 omne
2330 2686 2335 2695 '

367 2824 445 2864 ex
471 2802 735 2865 infinito
761 2811 1094 2867 uexantur
1125 2805 1378 2882 percita
1407 2805 1655 2882 plagis)
2546 2801 2683 2851 1025

367 2932 554 2974 omne
587 2932 793 2989 genus
824 2919 1040 2976 motus
1074 2920 1138 2975 et
1172 2921 1393 2976 coetus
1427 2914 1838 2991 experiundo

369 3022 635 3084 tandem
673 3023 1038 3086 deueniunt
1075 3024 1144 3084 in
1180 3023 1334 3086 talis
1371 3023 1827 3101 dispositura8‚

367 3131 676 3207 qualibus
701 3134 861 3195 haec
893 3124 1116 3195 rerum
1147 3132 1446 3195 consistit
1479 3155 1734 3197 summa
1764 3138 2018 3211 creata3

369 3249 431 3303 et
463 3242 706 3304 multos
737 3242 935 3305 etiam
966 3264 1240 3320 magnos
1268 3236 1534 3306 seruata
1565 3264 1685 3321 per
1720 3264 1925 3306 annos

367 3358 442 3413 ut
475 3353 670 3414 semel
700 3351 770 3412 in
800 3359 1016 3414 motus
1047 3352 1403 3415 coniectast
1426 3344 1905 3430 conuenienti&
2548 3351 2682 3400 1030

371 3460 562 3523 efficit
594 3468 670 3523 ut
703 3461 908 3539 largis
942 3460 1215 3524 auidum
1247 3483 1429 3525 mare
1463 3462 1756 3524 fluminis
1786 3462 1985 3525 undis

370 3570 702 3648 integrent
733 3591 955 3633 amnes
985 3578 1051 3633 et
1079 3571 1232 3633 solis
1262 3579 1442 3635 terra
1472 3592 1720 3650 uapore

370 3679 515 3743 fota
544 3688 744 3743 nouet
777 3680 960 3743 fetus
987 3681 1448 3753 summ<iss>
1460 3702 1627 3759 aque
1658 3702 1817 3758 gens
1848 3681 2261 3745 animantum

369 3789 600 3853 floreat
631 3797 696 3852 et
728 3790 968 3852 uiuant
1000 3790 1283 3853 labentis
1317 3791 1604 3853 aetheris
1634 3790 1835 3868 ignes,

369 3900 544 3976 quod
575 3900 763 3962 nullo
794 3898 1091 3962 facerent
1123 3907 1336 3977 pact0‚
1369 3899 1499 3961 nisi
1530 3897 1835 3963 materiai
2547 3898 2685 3949 1035

359 4031 489 4079 1013
511 4031 657 4091 vuly.
694 4031 829 4080 1013
856 4030 882 4055 ⁴*
907 4031 1041 4079 1014

358 4099 492 4148 1034
513 4099 759 4149 floreant

1379 4185 1492 4235 [35]
1585 4209 1588 4213 ·
