3182 4602
1135 403 1196 452 T.
1233 403 1558 454 LVCBETI
1596 403 1773 454 CARI

391 634 513 678 nec
545 616 904 694 persectari
937 617 1306 696 primordia
1336 619 1603 696 singula
1632 639 1945 697 quaeque,
2172 695 2175 698 ⁴
2604 617 2706 666 165

392 732 470 789 ut
514 725 732 798 <ui>
745 727 947 790 deant
983 748 1113 805 qua
1149 728 1428 806 quicque
1465 710 1738 807 geratur
1773 749 1922 792 cum
1954 729 2229 793 ratione.

517 836 613 899 At
645 836 916 913 quidam
946 844 1179 901 contra
1206 839 1365 901 haec
1395 838 1615 917 ignari
1645 839 1950 902 materiai

391 951 704 1009 naturam
743 966 876 1009 non
911 967 1103 1024 -posse
1144 949 1340 1011 deum
1378 948 1518 1012 sine
1557 948 1830 1013 numine
1870 949 2164 1012 reddunt

393 1061 584 1118 tanto
614 1075 809 1134 opere
840 1057 1148 1120 humanis
1178 1057 1548 1121 rationibus
1581 1060 1987 1122 atmoderate

393 1171 692 1242 tempora
727 1172 986 1229 mutare
1023 1186 1348 1230 annorum
1382 1167 1741 1246 frugesque
1777 1189 2019 1245 creare,
2605 1166 2705 1216 170

394 1281 458 1337 et
491 1274 621 1338 iam
653 1282 888 1352 cetera,
922 1273 1221 1340 mortalis
1251 1297 1418 1355 quae
1451 1278 1687 1340 suadet
1720 1277 1904 1341 adire

392 1384 666 1462 ipsaque
697 1385 967 1449 deducit
996 1387 1133 1448 dux
1161 1387 1343 1450 uitae
1372 1387 1488 1450 dia
1513 1387 1826 1465 uoluptas

394 1500 458 1556 et
491 1515 594 1558 res
626 1515 746 1573 per
777 1496 1059 1558 Veneris
1086 1496 1432 1560 blanditur
1463 1497 1676 1560 saecla
1708 1504 2099 1576 propagent,

392 1625 475 1668 ne
508 1625 715 1682 genus
749 1605 1004 1669 occidat
1035 1607 1418 1670 humanum.
1496 1626 1777 1684 quorum
1811 1607 2029 1670 omnia
2062 1628 2259 1670 causa

395 1714 810 1778 constituisse
842 1717 996 1778 deos
1023 1737 1173 1779 cum
1201 1716 1484 1794 fingunt,
1517 1716 1813 1779 omnibu'
1846 1718 2042 1779 rebus
2605 1714 2707 1764 175

394 1845 640 1902 magno
663 1845 858 1902 opere
890 1847 928 1888 a
959 1846 1120 1889 uera
1149 1826 1320 1904 lapsi
1351 1826 1609 1890 ratione
1637 1826 1977 1890 uidentur.

364 1934 551 2009 (nam
581 1935 886 2012 quamuis
916 1956 1138 1998 rerum
1170 1935 1466 2013 ignorem
1497 1935 1865 2013 primordia
1898 1956 2063 2014 quae
2094 1936 2247 2013 sint,

393 2045 513 2106 hoc
541 2051 764 2108 tamen
793 2067 872 2108 ex
901 2044 1062 2123 ipsis
1091 2045 1255 2109 caeli
1284 2045 1655 2109 rationibus
1683 2046 1893 2109 ausim

397 2153 782 2217 confirmare
814 2154 1088 2233 aliisque
1120 2176 1198 2218 ex
1229 2157 1424 2218 rebus
1453 2156 1729 2218 reddere
1758 2155 2021 2232 multiS,

393 2284 810 2343 nequaquam
837 2264 1027 2328 nobis
1056 2264 1382 2329 diuinitus
1411 2285 1545 2329 esse
1575 2272 1865 2329 creatam
2605 2262 2705 2313 180

397 2382 708 2438 naturam
750 2375 1017 2438 mundi:
1067 2396 1264 2453 quam
1321 2383 1773 2453 <magnast>
1826 2376 2135 2455 praedita
2179 2377 2408 2455 culpa!

307 2504 562 2561 —quae
595 2483 720 2547 tibi
754 2483 1100 2561 posterius,
1136 2484 1420 2561 Memmi,
1455 2484 1777 2547 faciemus
1810 2492 2061 2563 aperta.

395 2614 589 2670 nunc,
623 2594 692 2655 id
727 2595 903 2671 quod
934 2601 1252 2671 superest,
1283 2596 1366 2657 de
1397 2594 1685 2657 motibus
1714 2594 2186 2672 expediemus)

414 2784 638 2833 NIHIL
675 2784 973 2852 SVRSVM
1007 2785 1238 2835 FERRI
1269 2784 1910 2835 CORPVSCVLORVM
1944 2785 2085 2836 SED
2120 2785 2403 2837 PRESSA
2440 2786 2489 2835 A

823 2868 1234 2919 RADIGIBVS
1279 2869 1694 2920 EXVRGERE
1744 2869 2089 2920 CORPORA

520 2958 715 3020 Nunc
746 2957 925 3020 locus
957 2963 1072 3035 est,
1103 2965 1182 3022 ut
1213 2958 1466 3037 opinor,
1498 2958 1568 3019 in
1600 2958 1703 3021 his
1734 2958 1904 3021 illud
1935 2980 2192 3037 quoque
2223 2961 2419 3023 rebus

394 3066 778 3130 confirmare
813 3067 956 3145 tibi,
993 3067 1247 3131 nullam
1284 3088 1421 3130 rem
1457 3053 1643 3146 posse
1679 3089 1799 3132 sua
1833 3068 1905 3131 ui
2608 3066 2707 3115 185

394 3197 773 3255 corpoream
802 3176 1065 3240 sursum
1097 3177 1265 3241 ferri
1296 3198 1687 3255 sursumque
1717 3198 1969 3254 meare3
2370 3184 2373 3189 ’

393 3306 474 3348 ne
505 3286 630 3349 tibi
658 3288 819 3350 dent
850 3287 921 3348 in
954 3307 1029 3350 eo
1058 3287 1473 3350 flammarum
1505 3307 1782 3364 corpora
1814 3286 2141 3350 fraudem.

393 3416 622 3459 sursus
652 3396 825 3460 enim
856 3417 1090 3460 uersus
1120 3397 1490 3475 gignuntur
1524 3403 1589 3460 et
1622 3396 1938 3475 augmina
1967 3403 2237 3460 sumunt

395 3513 459 3569 et
491 3526 753 3569 sursum
783 3506 1037 3570 nitidae
1071 3506 1301 3585 fruges
1333 3508 1733 3584 arbustaque
1766 3513 2087 3583 crescunt,

395 3617 708 3694 pondera,
737 3623 1060 3693 quantum
1088 3616 1159 3677 in
1185 3637 1252 3680 se
1282 3623 1397 3693 est,
1427 3637 1575 3679 cum
1604 3618 1909 3679 deorsum
1938 3620 2179 3680 cuncta
2204 3617 2533 3694 ferantur,
2605 3614 2703 3665 190

392 3746 512 3789 nec
544 3746 691 3788 cum
721 3726 1079 3789 subsiliunt
1110 3725 1295 3803 ignes
1327 3728 1411 3789 ad
1441 3732 1618 3790 tecta
1646 3727 1990 3789 domorum

391 3843 459 3899 et
493 3835 689 3899 celeri
723 3836 988 3899 flamma
1022 3837 1376 3914 degustant
1409 3835 1599 3913 tigna
1632 3837 2000 3926 trabesque,
2038 3923 2043 3930 Ι

415 3969 516 4017 168
537 3966 694 4017 reddi

414 4036 515 4085 181
535 4035 682 4097 vulg.
710 4038 872 4085 tanta
902 4037 1017 4085 stat

1401 4178 1514 4229 [45]
