3182 4602
1137 437 1198 485 T.
1240 436 1565 488 LVCRETI
1607 436 1785 487 CARI

390 651 728 714 dissimilis
760 651 936 714 inter
970 672 1035 714 se
1048 662 1263 724 <se>
1307 654 1708 730 turbareque
1742 651 2000 714 mixtas
2602 647 2709 697 370

390 768 455 824 et
489 762 666 824 calor
698 769 1030 824 extremus
1059 762 1275 840 primo
1307 783 1455 825 eum
1486 762 1739 841 frigore
1771 762 2018 825 mixtus

390 871 710 948 uoluitur,
746 872 1050 935 autumni
1085 873 1261 949 quod
1294 872 1516 934 fertur
1548 871 1809 934 nomine
1842 878 2121 950 tempuS,

390 981 497 1044 hic
532 1002 788 1059 quoque
824 981 1189 1059 confligunt
1223 981 1465 1045 hiemes
1503 981 1863 1045 aestatibus
1899 1001 2097 1045 acres,

301 1097 745 1169 —propterea
779 1098 936 1154 sunt
971 1093 1129 1154 haec
1165 1091 1324 1154 anni
1369 1098 1737 1163 <aestus>
1783 1091 2260 1167 nominitanda,

391 1222 510 1264 nec
541 1201 865 1278 mirumst,
899 1201 971 1263 in
1002 1221 1077 1264 eo
1105 1201 1160 1263 si
1193 1208 1486 1279 tempore
1518 1201 1810 1279 plurima
1838 1201 2010 1264 fiunt
2602 1196 2705 1246 375

393 1311 680 1374 fulmina
714 1317 1197 1389 tempestasque
1233 1311 1444 1374 cietur
1476 1311 1750 1374 turbida
1784 1312 1979 1388 cae10,

392 1421 671 1499 ancipiti
703 1421 1013 1498 quoniam
1043 1422 1212 1484 bello
1243 1422 1558 1484 turbatur
1589 1420 1944 1498 utrimque,

392 1531 547 1593 hinc
581 1530 860 1593 flammis
895 1530 1078 1593 illinc
1113 1531 1332 1593 uentis
1365 1551 1720 1607 umoreque
1755 1530 1979 1592 mixte.

521 1727 664 1788 Hoc
698 1732 793 1789 est
827 1726 1102 1803 igniferi
1135 1734 1447 1789 naturam
1480 1726 1784 1788 fulminis
1818 1725 2029 1803 ipsam

394 1835 766 1913 perspicere
797 1843 861 1899 et
892 1857 1023 1913 qua
1053 1836 1124 1899 ui
1156 1835 1362 1899 faciat
1393 1857 1530 1898 rem
1561 1855 1887 1913 quamque
1915 1835 2161 1911 uidere,
2602 1830 2705 1880 380

393 1966 526 2008 non
563 1946 907 2022 Tyrrhena
942 1954 1121 2008 retro
1154 1947 1532 2009 uoluentem
1564 1945 1863 2008 carmina
1894 1945 2152 2008 frustra

393 2055 641 2118 indicia
674 2056 964 2118 occultae
1000 2055 1232 2119 diuum
1266 2055 1651 2134 perquirere
1684 2054 1941 2131 mentis,

392 2167 570 2228 unde
604 2167 840 2228 uolans
872 2165 1045 2242 ignis
1081 2165 1460 2243 peruenerit
1497 2172 1613 2228 aut
1650 2165 1721 2226 in
1754 2172 1976 2228 utram
2011 2186 2077 2228 se

394 2275 674 2339 uerterit
702 2275 856 2338 hinc
883 2275 1149 2354 partim,
1181 2296 1312 2353 quo
1337 2282 1532 2354 pacto
1561 2296 1681 2354 per
1710 2277 1852 2338 loca
1880 2281 2111 2353 saepta

394 2385 773 2462 insinuarit,
806 2393 869 2449 et
899 2386 1052 2448 hinc
1083 2386 1459 2449 dominatus
1488 2393 1564 2448 ut
1597 2385 1910 2449 extulerit
1940 2406 2026 2463 se,
2604 2380 2707 2430 385

396 2494 642 2572 quidue
675 2515 906 2557 nocere
939 2503 1136 2572 queat
1170 2497 1250 2557 de
1283 2496 1461 2558 caelo
1492 2495 1798 2557 fulminis
1830 2495 2018 2558 ictus,

306 2606 570 2682 —quod
605 2605 660 2666 si
692 2604 1002 2683 Iuppiter
1035 2613 1233 2683 atque
1268 2605 1382 2668 alii
1416 2605 1748 2683 fulgentia
1783 2605 1925 2667 diui

395 2715 684 2777 terrifico
718 2714 1032 2791 quatiunt
1064 2716 1285 2777 sonitu
1319 2714 1624 2778 caelestia
1655 2716 1904 2792 templa

395 2831 458 2886 et
495 2824 747 2886 iaciunt
783 2825 1002 2902 ignem
1037 2846 1168 2902 quo
1202 2826 1547 2903 quoiquest
1584 2846 1861 2902 cumque
1898 2826 2227 2902 uoluntaS,

396 2955 515 2996 cur
545 2934 784 3010 quibus
814 2934 1157 2996 incautum
1187 2936 1397 2997 scelus
1427 2934 1793 2997 auersabile
1825 2941 2164 3011 cumquest
2605 2931 2708 2980 390

393 3063 528 3105 non
559 3042 820 3107 faciunt
853 3044 969 3106 icti
1001 3044 1294 3107 flammas
1324 3052 1401 3108 ut
1434 3044 1727 3122 fulguris
1758 3045 1983 3107 halent

396 3160 658 3230 pectore
694 3154 963 3231 pen-fixo,
999 3154 1319 3217 documen
1353 3154 1744 3230 mortalibus
1776 3175 1943 3231 acre,

397 3270 460 3325 et
495 3263 716 3341 potius
748 3264 935 3326 nulla
967 3263 1092 3325 sibi
1124 3264 1311 3342 turpi
1345 3264 1641 3326 conscius
1676 3264 1746 3324 in
1780 3285 1851 3325 re

397 3373 696 3435 uoluitur
728 3373 799 3435 in
829 3373 1107 3436 flammis
1137 3373 1446 3437 innoxius
1476 3374 1677 3451 inque
1707 3374 1978 3451 peditur

395 3482 662 3545 turbine
695 3483 956 3545 caelesti
987 3484 1204 3545 subito
1236 3491 1578 3561 correptus
1610 3491 1676 3546 et
1706 3484 1889 3561 igni?
2607 3480 2710 3529 395

399 3614 517 3654 cur
551 3592 749 3655 etiam
779 3594 921 3656 loca
953 3594 1089 3656 sola
1122 3599 1360 3671 petunt
1395 3593 1782 3671 frustraque
1816 3595 2165 3656 laborant?

397 3723 484 3764 an
513 3710 657 3765 tum
687 3702 957 3765 brachia
987 3710 1418 3765 consuescunt
1447 3703 1846 3781 firmantque
1875 3705 2194 3766 lacertos?

398 3812 470 3871 in
500 3819 810 3888 terraque
843 3812 1055 3889 patris
1088 3834 1206 3875 cur
1240 3813 1444 3875 telum
1477 3813 1950 3891 perpetiuntur

420 3945 521 3992 370
544 3944 686 4004 υαῑρ.
723 3947 935 4001 <res>
972 3944 1117 3993 inter
1145 3960 1201 3993 se

421 4011 688 4071 374vu19.
727 4011 1012 4070 <freta>
1051 4016 1183 4063 sunt

1391 4208 1538 4259 [227]
