<?xml version="1.0" encoding="UTF-8"?>
<!DOCTYPE html PUBLIC "-//W3C//DTD XHTML 1.0 Transitional//EN"
    "http://www.w3.org/TR/xhtml1/DTD/xhtml1-transitional.dtd">
<html xmlns="http://www.w3.org/1999/xhtml" xml:lang="en" lang="en">
 <head>
  <title>
</title>
<meta http-equiv="Content-Type" content="text/html;charset=utf-8" />
  <meta name='ocr-system' content='tesseract 3.04.00' />
  <meta name='ocr-capabilities' content='ocr_page ocr_carea ocr_par ocr_line ocrx_word'/>
</head>
<body>
  <div class='ocr_page' id='page_1' title='image "./lvcretiderervmn00unkngoog_0214.png"; bbox 0 0 3182 4602; ppageno 0'>
   <div class='ocr_carea' id='block_1_1' title="bbox 1251 447 1899 500">
    <p class='ocr_par' dir='ltr' id='par_1_1' title="bbox 1251 447 1899 500">
     <span class='ocr_line' id='line_1_1' title="bbox 1251 447 1899 500; baseline -0.002 -2"><span class='ocrx_word' id='word_1_1' title='bbox 1251 451 1310 498; x_wconf 87' lang='grc' dir='ltr'><strong>Τ.</strong></span> <span class='ocrx_word' id='word_1_2' title='bbox 1353 448 1681 500; x_wconf 77' lang='lat' dir='ltr'><em>LVGBETI</em></span> <span class='ocrx_word' id='word_1_3' title='bbox 1720 447 1899 498; x_wconf 79' lang='lat' dir='ltr'><em>CARI</em></span> 
     </span>
    </p>
   </div>
   <div class='ocr_carea' id='block_1_2' title="bbox 401 658 2816 3812">
    <p class='ocr_par' dir='ltr' id='par_1_2' title="bbox 401 658 2816 3812">
     <span class='ocr_line' id='line_1_2' title="bbox 499 658 2816 741; baseline 0 -18"><span class='ocrx_word' id='word_1_4' title='bbox 499 661 674 740; x_wconf 83' lang='lat' dir='ltr'><strong>ignis</strong></span> <span class='ocrx_word' id='word_1_5' title='bbox 707 662 882 724; x_wconf 91' lang='lat' dir='ltr'><strong>enim</strong></span> <span class='ocrx_word' id='word_1_6' title='bbox 913 663 1179 726; x_wconf 88' lang='lat' dir='ltr'><strong>curauit</strong></span> <span class='ocrx_word' id='word_1_7' title='bbox 1207 669 1286 726; x_wconf 89' lang='lat' dir='ltr'><strong>ut</strong></span> <span class='ocrx_word' id='word_1_8' title='bbox 1318 663 1482 726; x_wconf 83' lang='lat' dir='ltr'><strong>alsia</strong></span> <span class='ocrx_word' id='word_1_9' title='bbox 1512 682 1792 740; x_wconf 88' lang='lat' dir='ltr'><strong>corpora</strong></span> <span class='ocrx_word' id='word_1_10' title='bbox 1822 662 2043 741; x_wconf 82' lang='lat' dir='ltr'><strong>frigus</strong></span> <span class='ocrx_word' id='word_1_11' title='bbox 2681 658 2816 708; x_wconf 80' lang='lat'>1015</span> 
     </span>
     <span class='ocr_line' id='line_1_3' title="bbox 501 771 2123 851; baseline 0.001 -19"><span class='ocrx_word' id='word_1_12' title='bbox 501 791 634 833; x_wconf 95' lang='lat' dir='ltr'><strong>non</strong></span> <span class='ocrx_word' id='word_1_13' title='bbox 667 771 764 835; x_wconf 86' lang='lat' dir='ltr'><strong>ita</strong></span> <span class='ocrx_word' id='word_1_14' title='bbox 794 772 927 835; x_wconf 88' lang='lat' dir='ltr'><strong>iam</strong></span> <span class='ocrx_word' id='word_1_15' title='bbox 959 778 1224 849; x_wconf 78' lang='lat' dir='ltr'><strong>possent</strong></span> <span class='ocrx_word' id='word_1_16' title='bbox 1256 773 1420 835; x_wconf 86' lang='lat' dir='ltr'><strong>caeli</strong></span> <span class='ocrx_word' id='word_1_17' title='bbox 1451 774 1572 836; x_wconf 92' lang='lat' dir='ltr'><strong>sub</strong></span> <span class='ocrx_word' id='word_1_18' title='bbox 1605 772 1892 851; x_wconf 86' lang='lat' dir='ltr'><strong>tegmine</strong></span> <span class='ocrx_word' id='word_1_19' title='bbox 1926 771 2123 849; x_wconf 82' lang='lat' dir='ltr'><strong>ferre,</strong></span> 
     </span>
     <span class='ocr_line' id='line_1_4' title="bbox 501 881 2115 961; baseline 0.001 -19"><span class='ocrx_word' id='word_1_20' title='bbox 501 888 564 944; x_wconf 85' lang='lat' dir='ltr'><strong>et</strong></span> <span class='ocrx_word' id='word_1_21' title='bbox 597 882 824 944; x_wconf 89' lang='lat' dir='ltr'><strong>Venus</strong></span> <span class='ocrx_word' id='word_1_22' title='bbox 857 881 1172 944; x_wconf 82' lang='lat' dir='ltr'><strong>inminuit</strong></span> <span class='ocrx_word' id='word_1_23' title='bbox 1205 882 1372 945; x_wconf 88' lang='lat' dir='ltr'><strong>uiris</strong></span> <span class='ocrx_word' id='word_1_24' title='bbox 1406 882 1727 960; x_wconf 90' lang='lat' dir='ltr'><strong>puerique</strong></span> <span class='ocrx_word' id='word_1_25' title='bbox 1761 888 2115 961; x_wconf 84' lang='lat' dir='ltr'><strong>parentum</strong></span> 
     </span>
     <span class='ocr_line' id='line_1_5' title="bbox 498 991 2161 1070; baseline -0.001 -16"><span class='ocrx_word' id='word_1_26' title='bbox 498 991 842 1054; x_wconf 89' lang='lat' dir='ltr'><strong>blanditiis</strong></span> <span class='ocrx_word' id='word_1_27' title='bbox 879 991 1076 1055; x_wconf 83' lang='lat' dir='ltr'><strong>facile</strong></span> <span class='ocrx_word' id='word_1_28' title='bbox 1112 991 1453 1069; x_wconf 85' lang='lat' dir='ltr'><strong>ingenium</strong></span> <span class='ocrx_word' id='word_1_29' title='bbox 1489 991 1749 1070; x_wconf 80' lang='lat' dir='ltr'>fregere</span> <span class='ocrx_word' id='word_1_30' title='bbox 1784 992 2161 1070; x_wconf 86' lang='lat' dir='ltr'><strong>superbum.</strong></span> 
     </span>
     <span class='ocr_line' id='line_1_6' title="bbox 411 1100 2131 1178; baseline 0.001 -18"><span class='ocrx_word' id='word_1_31' title='bbox 411 1104 659 1163; x_wconf 84' lang='lat' dir='ltr'><strong>—tunc</strong></span> <span class='ocrx_word' id='word_1_32' title='bbox 690 1107 754 1163; x_wconf 92' lang='lat' dir='ltr'><strong>et</strong></span> <span class='ocrx_word' id='word_1_33' title='bbox 785 1100 1137 1164; x_wconf 83' lang='lat' dir='ltr'><strong>amicitiem</strong></span> <span class='ocrx_word' id='word_1_34' title='bbox 1168 1108 1526 1178; x_wconf 86' lang='lat' dir='ltr'><strong>coeperunt</strong></span> <span class='ocrx_word' id='word_1_35' title='bbox 1555 1101 1830 1178; x_wconf 86' lang='lat' dir='ltr'><strong>iungere</strong></span> <span class='ocrx_word' id='word_1_36' title='bbox 1860 1107 2131 1163; x_wconf 90' lang='lat' dir='ltr'><strong>auentes</strong></span> 
     </span>
     <span class='ocr_line' id='line_1_7' title="bbox 498 1207 2813 1287; baseline 0.001 -16"><span class='ocrx_word' id='word_1_37' title='bbox 498 1209 766 1273; x_wconf 86' lang='lat' dir='ltr'><strong>finitimi</strong></span> <span class='ocrx_word' id='word_1_38' title='bbox 795 1211 971 1274; x_wconf 92' lang='lat' dir='ltr'><strong>inter</strong></span> <span class='ocrx_word' id='word_1_39' title='bbox 1001 1231 1067 1274; x_wconf 91' lang='lat' dir='ltr'><strong>se</strong></span> <span class='ocrx_word' id='word_1_40' title='bbox 1096 1231 1215 1274; x_wconf 93' lang='lat' dir='ltr'><strong>nec</strong></span> <span class='ocrx_word' id='word_1_41' title='bbox 1246 1211 1504 1274; x_wconf 89' lang='lat' dir='ltr'><strong>laedere</strong></span> <span class='ocrx_word' id='word_1_42' title='bbox 1533 1231 1652 1273; x_wconf 92' lang='lat' dir='ltr'><strong>nec</strong></span> <span class='ocrx_word' id='word_1_43' title='bbox 1680 1210 1953 1287; x_wconf 90' lang='lat' dir='ltr'><strong>uiolare,</strong></span> <span class='ocrx_word' id='word_1_44' title='bbox 2677 1207 2813 1256; x_wconf 79' lang='grc'>1020</span> 
     </span>
     <span class='ocr_line' id='line_1_8' title="bbox 498 1320 2239 1397; baseline -0.001 -15"><span class='ocrx_word' id='word_1_45' title='bbox 498 1326 563 1382; x_wconf 93' lang='lat' dir='ltr'><strong>et</strong></span> <span class='ocrx_word' id='word_1_46' title='bbox 600 1339 840 1397; x_wconf 90' lang='lat' dir='ltr'><strong>pueros</strong></span> <span class='ocrx_word' id='word_1_47' title='bbox 872 1321 1417 1383; x_wconf 88' lang='lat' dir='ltr'><strong>commendarunt</strong></span> <span class='ocrx_word' id='word_1_48' title='bbox 1453 1320 1900 1397; x_wconf 85' lang='lat' dir='ltr'><strong>muliebreque</strong></span> <span class='ocrx_word' id='word_1_49' title='bbox 1936 1321 2239 1396; x_wconf 89' lang='lat' dir='ltr'><strong>saeclum,</strong></span> 
     </span>
     <span class='ocr_line' id='line_1_9' title="bbox 498 1429 1981 1508; baseline 0 -16"><span class='ocrx_word' id='word_1_50' title='bbox 498 1430 769 1492; x_wconf 91' lang='lat' dir='ltr'><strong>uocibus</strong></span> <span class='ocrx_word' id='word_1_51' title='bbox 803 1437 867 1493; x_wconf 91' lang='lat' dir='ltr'><strong>et</strong></span> <span class='ocrx_word' id='word_1_52' title='bbox 901 1437 1092 1508; x_wconf 87' lang='lat' dir='ltr'><strong>gestu</strong></span> <span class='ocrx_word' id='word_1_53' title='bbox 1125 1450 1275 1492; x_wconf 91' lang='lat' dir='ltr'><strong>cum</strong></span> <span class='ocrx_word' id='word_1_54' title='bbox 1307 1431 1496 1493; x_wconf 92' lang='lat' dir='ltr'><strong>balbe</strong></span> <span class='ocrx_word' id='word_1_55' title='bbox 1529 1429 1981 1508; x_wconf 88' lang='lat' dir='ltr'><strong>significarent</strong></span> 
     </span>
     <span class='ocr_line' id='line_1_10' title="bbox 496 1538 2064 1603; baseline 0.001 -3"><span class='ocrx_word' id='word_1_56' title='bbox 496 1538 971 1602; x_wconf 90' lang='lat' dir='ltr'><strong>imbecillorum</strong></span> <span class='ocrx_word' id='word_1_57' title='bbox 1005 1559 1140 1603; x_wconf 89' lang='lat' dir='ltr'><strong>esse</strong></span> <span class='ocrx_word' id='word_1_58' title='bbox 1175 1560 1402 1602; x_wconf 88' lang='lat' dir='ltr'><strong>aecum</strong></span> <span class='ocrx_word' id='word_1_59' title='bbox 1434 1539 1803 1601; x_wconf 85' lang='lat' dir='ltr'><strong>misererier</strong></span> <span class='ocrx_word' id='word_1_60' title='bbox 1837 1539 2064 1602; x_wconf 88' lang='lat' dir='ltr'><strong>omnis.</strong></span> 
     </span>
     <span class='ocr_line' id='line_1_11' title="bbox 494 1649 2220 1727; baseline 0 -17"><span class='ocrx_word' id='word_1_61' title='bbox 494 1669 614 1712; x_wconf 69' lang='lat' dir='ltr'><strong>nec</strong></span> <span class='ocrx_word' id='word_1_62' title='bbox 648 1654 872 1712; x_wconf 88' lang='lat' dir='ltr'><strong>tamen</strong></span> <span class='ocrx_word' id='word_1_63' title='bbox 907 1649 1299 1711; x_wconf 86' lang='lat' dir='ltr'><strong>omnimodis</strong></span> <span class='ocrx_word' id='word_1_64' title='bbox 1333 1656 1595 1727; x_wconf 86' lang='lat' dir='ltr'><strong>poterat</strong></span> <span class='ocrx_word' id='word_1_65' title='bbox 1632 1649 1983 1712; x_wconf 88' lang='lat' dir='ltr'><strong>concordia</strong></span> <span class='ocrx_word' id='word_1_66' title='bbox 2016 1649 2220 1727; x_wconf 84' lang='lat' dir='ltr'><strong>gigni,</strong></span> 
     </span>
     <span class='ocr_line' id='line_1_12' title="bbox 494 1755 2809 1837; baseline 0 -17"><span class='ocrx_word' id='word_1_67' title='bbox 494 1759 609 1821; x_wconf 89' lang='lat' dir='ltr'><strong>sed</strong></span> <span class='ocrx_word' id='word_1_68' title='bbox 640 1759 811 1822; x_wconf 94' lang='lat' dir='ltr'><strong>bona</strong></span> <span class='ocrx_word' id='word_1_69' title='bbox 842 1779 1210 1836; x_wconf 87' lang='lat' dir='ltr'><strong>magnaque</strong></span> <span class='ocrx_word' id='word_1_70' title='bbox 1243 1779 1401 1837; x_wconf 88' lang='lat' dir='ltr'><strong>pars</strong></span> <span class='ocrx_word' id='word_1_71' title='bbox 1433 1759 1743 1822; x_wconf 86' lang='lat' dir='ltr'><strong>seruabat</strong></span> <span class='ocrx_word' id='word_1_72' title='bbox 1776 1758 2045 1822; x_wconf 82' lang='lat' dir='ltr'><strong>foedera</strong></span> <span class='ocrx_word' id='word_1_73' title='bbox 2077 1765 2286 1836; x_wconf 86' lang='lat' dir='ltr'><strong>caste;</strong></span> <span class='ocrx_word' id='word_1_74' title='bbox 2674 1755 2809 1804; x_wconf 88' lang='lat'>1025</span> 
     </span>
     <span class='ocr_line' id='line_1_13' title="bbox 496 1867 2473 1946; baseline 0 -16"><span class='ocrx_word' id='word_1_75' title='bbox 496 1875 613 1931; x_wconf 85' lang='lat' dir='ltr'><strong>aut</strong></span> <span class='ocrx_word' id='word_1_76' title='bbox 646 1888 855 1946; x_wconf 91' lang='lat' dir='ltr'><strong>genus</strong></span> <span class='ocrx_word' id='word_1_77' title='bbox 884 1869 1250 1931; x_wconf 82' lang='lat' dir='ltr'><strong>humanum</strong></span> <span class='ocrx_word' id='word_1_78' title='bbox 1283 1869 1415 1931; x_wconf 87' lang='lat' dir='ltr'><strong>iam</strong></span> <span class='ocrx_word' id='word_1_79' title='bbox 1446 1875 1593 1931; x_wconf 85' lang='lat' dir='ltr'><strong>tum</strong></span> <span class='ocrx_word' id='word_1_80' title='bbox 1625 1867 1800 1931; x_wconf 84' lang='lat' dir='ltr'><strong>foret</strong></span> <span class='ocrx_word' id='word_1_81' title='bbox 1835 1888 2023 1932; x_wconf 93' lang='lat' dir='ltr'><strong>omne</strong></span> <span class='ocrx_word' id='word_1_82' title='bbox 2057 1874 2473 1946; x_wconf 90' lang='lat' dir='ltr'><strong>peremptum</strong></span> 
     </span>
     <span class='ocr_line' id='line_1_14' title="bbox 493 1977 2201 2056; baseline 0.001 -18"><span class='ocrx_word' id='word_1_83' title='bbox 493 1998 612 2040; x_wconf 93' lang='lat' dir='ltr'><strong>nec</strong></span> <span class='ocrx_word' id='word_1_84' title='bbox 645 1977 966 2056; x_wconf 92' lang='lat' dir='ltr'><strong>potuisset</strong></span> <span class='ocrx_word' id='word_1_85' title='bbox 1000 1978 1216 2041; x_wconf 90' lang='lat' dir='ltr'><strong>adhuc</strong></span> <span class='ocrx_word' id='word_1_86' title='bbox 1250 1978 1610 2055; x_wconf 81' lang='lat' dir='ltr'><strong>perducere</strong></span> <span class='ocrx_word' id='word_1_87' title='bbox 1642 1978 1856 2040; x_wconf 88' lang='lat' dir='ltr'><strong>saecla</strong></span> <span class='ocrx_word' id='word_1_88' title='bbox 1887 1997 2201 2056; x_wconf 87' lang='lat' dir='ltr'><strong>propago.</strong></span> 
     </span>
     <span class='ocr_line' id='line_1_15' title="bbox 617 2087 2114 2166; baseline 0 -17"><span class='ocrx_word' id='word_1_89' title='bbox 617 2088 712 2151; x_wconf 88' lang='lat' dir='ltr'><strong>At</strong></span> <span class='ocrx_word' id='word_1_90' title='bbox 741 2087 965 2150; x_wconf 87' lang='lat' dir='ltr'><strong>uarios</strong></span> <span class='ocrx_word' id='word_1_91' title='bbox 995 2088 1262 2166; x_wconf 83' lang='lat' dir='ltr'><strong>linguae</strong></span> <span class='ocrx_word' id='word_1_92' title='bbox 1293 2087 1548 2150; x_wconf 87' lang='lat' dir='ltr'><strong>sonitus</strong></span> <span class='ocrx_word' id='word_1_93' title='bbox 1577 2095 1826 2150; x_wconf 86' lang='lat' dir='ltr'><strong>natura</strong></span> <span class='ocrx_word' id='word_1_94' title='bbox 1855 2087 2114 2165; x_wconf 87' lang='lat' dir='ltr'><strong>subegit</strong></span> 
     </span>
     <span class='ocr_line' id='line_1_16' title="bbox 492 2197 2103 2275; baseline -0.001 -16"><span class='ocrx_word' id='word_1_95' title='bbox 492 2197 754 2261; x_wconf 84' lang='lat' dir='ltr'><strong>mittere</strong></span> <span class='ocrx_word' id='word_1_96' title='bbox 784 2204 850 2260; x_wconf 94' lang='lat' dir='ltr'><strong>et</strong></span> <span class='ocrx_word' id='word_1_97' title='bbox 876 2197 1140 2260; x_wconf 85' lang='lat' dir='ltr'><strong>utilitas</strong></span> <span class='ocrx_word' id='word_1_98' title='bbox 1167 2197 1489 2275; x_wconf 87' lang='lat' dir='ltr'><strong>expressit</strong></span> <span class='ocrx_word' id='word_1_99' title='bbox 1517 2197 1789 2260; x_wconf 91' lang='lat' dir='ltr'><strong>nomina</strong></span> <span class='ocrx_word' id='word_1_100' title='bbox 1816 2219 2058 2274; x_wconf 85' lang='lat' dir='ltr'><strong>rerum,</strong></span> <span class='ocrx_word' id='word_1_101' title='bbox 2099 2241 2103 2245; x_wconf 82' lang='lat'><em>-</em></span> 
     </span>
     <span class='ocr_line' id='line_1_17' title="bbox 492 2304 2805 2385; baseline 0.001 -17"><span class='ocrx_word' id='word_1_102' title='bbox 492 2327 624 2370; x_wconf 94' lang='lat' dir='ltr'><strong>non</strong></span> <span class='ocrx_word' id='word_1_103' title='bbox 657 2308 787 2371; x_wconf 88' lang='lat' dir='ltr'><strong>alia</strong></span> <span class='ocrx_word' id='word_1_104' title='bbox 818 2309 1009 2385; x_wconf 88' lang='lat' dir='ltr'><strong>longe</strong></span> <span class='ocrx_word' id='word_1_105' title='bbox 1044 2308 1300 2372; x_wconf 88' lang='lat' dir='ltr'><strong>ratione</strong></span> <span class='ocrx_word' id='word_1_106' title='bbox 1335 2314 1532 2385; x_wconf 88' lang='lat' dir='ltr'><strong>atque</strong></span> <span class='ocrx_word' id='word_1_107' title='bbox 1565 2308 1712 2385; x_wconf 87' lang='lat' dir='ltr'><strong>ipsa</strong></span> <span class='ocrx_word' id='word_1_108' title='bbox 1743 2308 2016 2371; x_wconf 89' lang='lat' dir='ltr'><strong>uidetur</strong></span> <span class='ocrx_word' id='word_1_109' title='bbox 2670 2304 2805 2355; x_wconf 87' lang='grc'>1030</span> 
     </span>
     <span class='ocr_line' id='line_1_18' title="bbox 492 2417 2201 2496; baseline 0.001 -18"><span class='ocrx_word' id='word_1_110' title='bbox 492 2418 879 2495; x_wconf 85' lang='lat' dir='ltr'><strong>protrahere</strong></span> <span class='ocrx_word' id='word_1_111' title='bbox 911 2419 996 2481; x_wconf 90' lang='lat' dir='ltr'><strong>ad</strong></span> <span class='ocrx_word' id='word_1_112' title='bbox 1029 2424 1286 2496; x_wconf 87' lang='lat' dir='ltr'><strong>gestum</strong></span> <span class='ocrx_word' id='word_1_113' title='bbox 1318 2438 1556 2495; x_wconf 89' lang='lat' dir='ltr'><strong>pueros</strong></span> <span class='ocrx_word' id='word_1_114' title='bbox 1589 2417 1886 2481; x_wconf 84' lang='lat' dir='ltr'><strong>infantia</strong></span> <span class='ocrx_word' id='word_1_115' title='bbox 1915 2418 2201 2495; x_wconf 83' lang='lat' dir='ltr'><strong>linguae,</strong></span> 
     </span>
     <span class='ocr_line' id='line_1_19' title="bbox 492 2526 2341 2605; baseline 0.001 -17"><span class='ocrx_word' id='word_1_116' title='bbox 492 2547 640 2589; x_wconf 90' lang='lat' dir='ltr'><strong>cum</strong></span> <span class='ocrx_word' id='word_1_117' title='bbox 674 2526 839 2590; x_wconf 84' lang='lat' dir='ltr'><strong>facit</strong></span> <span class='ocrx_word' id='word_1_118' title='bbox 870 2534 948 2590; x_wconf 85' lang='lat' dir='ltr'><strong>ut</strong></span> <span class='ocrx_word' id='word_1_119' title='bbox 982 2528 1194 2605; x_wconf 85' lang='lat' dir='ltr'><strong>digito</strong></span> <span class='ocrx_word' id='word_1_120' title='bbox 1226 2548 1392 2605; x_wconf 90' lang='lat' dir='ltr'><strong>quae</strong></span> <span class='ocrx_word' id='word_1_121' title='bbox 1426 2527 1561 2590; x_wconf 90' lang='lat' dir='ltr'><strong>sint</strong></span> <span class='ocrx_word' id='word_1_122' title='bbox 1596 2527 1971 2605; x_wconf 86' lang='lat' dir='ltr'><strong>praesentia</strong></span> <span class='ocrx_word' id='word_1_123' title='bbox 2003 2533 2341 2590; x_wconf 44' lang='lat' dir='ltr'><strong>monstret,</strong></span> 
     </span>
     <span class='ocr_line' id='line_1_20' title="bbox 403 2636 2203 2715; baseline 0.001 -17"><span class='ocrx_word' id='word_1_124' title='bbox 403 2637 691 2700; x_wconf 80' lang='lat' dir='ltr'><strong>——sentit</strong></span> <span class='ocrx_word' id='word_1_125' title='bbox 723 2636 898 2700; x_wconf 90' lang='lat' dir='ltr'><strong>enim</strong></span> <span class='ocrx_word' id='word_1_126' title='bbox 925 2637 1033 2699; x_wconf 89' lang='lat' dir='ltr'><strong>uis</strong></span> <span class='ocrx_word' id='word_1_127' title='bbox 1061 2637 1337 2715; x_wconf 90' lang='lat' dir='ltr'><strong>quisque</strong></span> <span class='ocrx_word' id='word_1_128' title='bbox 1368 2657 1520 2700; x_wconf 89' lang='lat' dir='ltr'><strong>suas</strong></span> <span class='ocrx_word' id='word_1_129' title='bbox 1551 2638 1729 2715; x_wconf 91' lang='lat' dir='ltr'><strong>quod</strong></span> <span class='ocrx_word' id='word_1_130' title='bbox 1760 2637 1965 2714; x_wconf 90' lang='lat' dir='ltr'><strong>possit</strong></span> <span class='ocrx_word' id='word_1_131' title='bbox 1998 2636 2203 2699; x_wconf 86' lang='lat' dir='ltr'><strong>abuti.</strong></span> 
     </span>
     <span class='ocr_line' id='line_1_21' title="bbox 491 2746 2281 2825; baseline 0.001 -17"><span class='ocrx_word' id='word_1_132' title='bbox 491 2766 739 2809; x_wconf 82' lang='lat' dir='ltr'><strong>cornua</strong></span> <span class='ocrx_word' id='word_1_133' title='bbox 768 2753 928 2809; x_wconf 85' lang='lat' dir='ltr'><strong>nata</strong></span> <span class='ocrx_word' id='word_1_134' title='bbox 962 2746 1152 2825; x_wconf 87' lang='lat' dir='ltr'><strong>prius</strong></span> <span class='ocrx_word' id='word_1_135' title='bbox 1182 2747 1402 2810; x_wconf 92' lang='lat' dir='ltr'><strong>uitulo</strong></span> <span class='ocrx_word' id='word_1_136' title='bbox 1434 2767 1633 2824; x_wconf 88' lang='lat' dir='ltr'><strong>quam</strong></span> <span class='ocrx_word' id='word_1_137' title='bbox 1667 2746 2003 2809; x_wconf 81' lang='lat' dir='ltr'><strong>frontibus</strong></span> <span class='ocrx_word' id='word_1_138' title='bbox 2036 2753 2281 2825; x_wconf 83' lang='lat' dir='ltr'><strong>extent,</strong></span> 
     </span>
     <span class='ocr_line' id='line_1_22' title="bbox 489 2854 2803 2936; baseline 0.001 -20"><span class='ocrx_word' id='word_1_139' title='bbox 489 2855 621 2918; x_wconf 90' lang='lat' dir='ltr'><strong>illis</strong></span> <span class='ocrx_word' id='word_1_140' title='bbox 651 2856 866 2919; x_wconf 88' lang='lat' dir='ltr'><strong>iratus</strong></span> <span class='ocrx_word' id='word_1_141' title='bbox 898 2857 1068 2936; x_wconf 89' lang='lat' dir='ltr'><strong>petit</strong></span> <span class='ocrx_word' id='word_1_142' title='bbox 1102 2863 1300 2934; x_wconf 89' lang='lat' dir='ltr'><strong>atque</strong></span> <span class='ocrx_word' id='word_1_143' title='bbox 1334 2856 1620 2920; x_wconf 83' lang='lat' dir='ltr'><strong>infestus</strong></span> <span class='ocrx_word' id='word_1_144' title='bbox 1652 2857 1939 2934; x_wconf 88' lang='lat' dir='ltr'><strong>inurget.</strong></span> <span class='ocrx_word' id='word_1_145' title='bbox 2668 2854 2803 2904; x_wconf 88' lang='lat'>1035</span> 
     </span>
     <span class='ocr_line' id='line_1_23' title="bbox 489 2966 2018 3044; baseline 0.001 -17"><span class='ocrx_word' id='word_1_146' title='bbox 489 2972 557 3027; x_wconf 88' lang='lat' dir='ltr'><strong>at</strong></span> <span class='ocrx_word' id='word_1_147' title='bbox 590 2966 796 3029; x_wconf 88' lang='lat' dir='ltr'><strong>catuli</strong></span> <span class='ocrx_word' id='word_1_148' title='bbox 829 2967 1308 3044; x_wconf 85' lang='lat' dir='ltr'><strong>pantherarum</strong></span> <span class='ocrx_word' id='word_1_149' title='bbox 1341 2966 1723 3044; x_wconf 84' lang='lat' dir='ltr'><strong>scymnique</strong></span> <span class='ocrx_word' id='word_1_150' title='bbox 1755 2968 2018 3028; x_wconf 91' lang='lat' dir='ltr'><strong>leonum</strong></span> 
     </span>
     <span class='ocr_line' id='line_1_24' title="bbox 486 3075 2393 3154; baseline 0.002 -18"><span class='ocrx_word' id='word_1_151' title='bbox 486 3075 824 3154; x_wconf 90' lang='lat' dir='ltr'><strong>unguibus</strong></span> <span class='ocrx_word' id='word_1_152' title='bbox 855 3096 929 3138; x_wconf 88' lang='lat' dir='ltr'><strong>ac</strong></span> <span class='ocrx_word' id='word_1_153' title='bbox 960 3076 1239 3154; x_wconf 88' lang='lat' dir='ltr'><strong>pedibus</strong></span> <span class='ocrx_word' id='word_1_154' title='bbox 1271 3076 1403 3139; x_wconf 90' lang='lat' dir='ltr'><strong>iam</strong></span> <span class='ocrx_word' id='word_1_155' title='bbox 1434 3083 1577 3139; x_wconf 86' lang='lat' dir='ltr'><strong>tum</strong></span> <span class='ocrx_word' id='word_1_156' title='bbox 1610 3095 1961 3153; x_wconf 88' lang='lat' dir='ltr'><strong>morsuque</strong></span> <span class='ocrx_word' id='word_1_157' title='bbox 1994 3082 2393 3154; x_wconf 84' lang='lat' dir='ltr'><strong>repugnant,</strong></span> 
     </span>
     <span class='ocr_line' id='line_1_25' title="bbox 485 3185 2148 3263; baseline 0.001 -16"><span class='ocrx_word' id='word_1_158' title='bbox 485 3185 604 3247; x_wconf 86' lang='lat' dir='ltr'><strong>uix</strong></span> <span class='ocrx_word' id='word_1_159' title='bbox 636 3185 836 3248; x_wconf 87' lang='lat' dir='ltr'><strong>etiam</strong></span> <span class='ocrx_word' id='word_1_160' title='bbox 868 3206 1017 3248; x_wconf 90' lang='lat' dir='ltr'><strong>cum</strong></span> <span class='ocrx_word' id='word_1_161' title='bbox 1050 3193 1208 3249; x_wconf 91' lang='lat' dir='ltr'><strong>sunt</strong></span> <span class='ocrx_word' id='word_1_162' title='bbox 1242 3186 1474 3249; x_wconf 87' lang='lat' dir='ltr'><strong>dentes</strong></span> <span class='ocrx_word' id='word_1_163' title='bbox 1504 3205 1889 3263; x_wconf 90' lang='lat' dir='ltr'><strong>unguesque</strong></span> <span class='ocrx_word' id='word_1_164' title='bbox 1924 3186 2148 3249; x_wconf 87' lang='lat' dir='ltr'><strong>creati.</strong></span> 
     </span>
     <span class='ocr_line' id='line_1_26' title="bbox 487 3294 1954 3373; baseline 0.001 -17"><span class='ocrx_word' id='word_1_165' title='bbox 487 3294 770 3358; x_wconf 86' lang='lat' dir='ltr'><strong>alituum</strong></span> <span class='ocrx_word' id='word_1_166' title='bbox 804 3314 1004 3373; x_wconf 89' lang='lat' dir='ltr'><strong>porro</strong></span> <span class='ocrx_word' id='word_1_167' title='bbox 1035 3316 1242 3373; x_wconf 90' lang='lat' dir='ltr'><strong>genus</strong></span> <span class='ocrx_word' id='word_1_168' title='bbox 1275 3296 1396 3359; x_wconf 89' lang='lat' dir='ltr'><strong>alis</strong></span> <span class='ocrx_word' id='word_1_169' title='bbox 1430 3315 1619 3358; x_wconf 91' lang='lat' dir='ltr'><strong>omne</strong></span> <span class='ocrx_word' id='word_1_170' title='bbox 1650 3295 1954 3358; x_wconf 90' lang='lat' dir='ltr'><strong>uidemus</strong></span> 
     </span>
     <span class='ocr_line' id='line_1_27' title="bbox 485 3402 2801 3485; baseline 0.001 -20"><span class='ocrx_word' id='word_1_171' title='bbox 485 3402 687 3468; x_wconf 85' lang='lat' dir='ltr'><strong>fidere</strong></span> <span class='ocrx_word' id='word_1_172' title='bbox 718 3409 785 3466; x_wconf 91' lang='lat' dir='ltr'><strong>et</strong></span> <span class='ocrx_word' id='word_1_173' title='bbox 815 3425 854 3468; x_wconf 88' lang='lat' dir='ltr'><strong>a</strong></span> <span class='ocrx_word' id='word_1_174' title='bbox 884 3403 1112 3482; x_wconf 86' lang='lat' dir='ltr'><strong>pinnis</strong></span> <span class='ocrx_word' id='word_1_175' title='bbox 1139 3406 1498 3469; x_wconf 86' lang='lat' dir='ltr'><strong>tremulum</strong></span> <span class='ocrx_word' id='word_1_176' title='bbox 1530 3411 1753 3485; x_wconf 89' lang='lat' dir='ltr'><strong>petere</strong></span> <span class='ocrx_word' id='word_1_177' title='bbox 1786 3405 2201 3468; x_wconf 86' lang='lat' dir='ltr'><strong>auxiliatum.</strong></span> <span class='ocrx_word' id='word_1_178' title='bbox 2666 3404 2801 3454; x_wconf 87' lang='lat'>1040</span> 
     </span>
     <span class='ocr_line' id='line_1_28' title="bbox 401 3514 2285 3591; baseline 0.002 -17"><span class='ocrx_word' id='word_1_179' title='bbox 401 3514 764 3590; x_wconf 85' lang='lat' dir='ltr'><strong>—proinde</strong></span> <span class='ocrx_word' id='word_1_180' title='bbox 799 3520 1038 3591; x_wconf 87' lang='lat' dir='ltr'><strong>putare</strong></span> <span class='ocrx_word' id='word_1_181' title='bbox 1074 3514 1359 3591; x_wconf 87' lang='lat' dir='ltr'><strong>aliquem</strong></span> <span class='ocrx_word' id='word_1_182' title='bbox 1393 3521 1536 3577; x_wconf 87' lang='lat' dir='ltr'><strong>tum</strong></span> <span class='ocrx_word' id='word_1_183' title='bbox 1571 3514 1839 3578; x_wconf 92' lang='lat' dir='ltr'><strong>nomina</strong></span> <span class='ocrx_word' id='word_1_184' title='bbox 1872 3515 2285 3579; x_wconf 90' lang='lat' dir='ltr'><strong>distribuisse</strong></span> 
     </span>
     <span class='ocr_line' id='line_1_29' title="bbox 485 3623 2253 3703; baseline 0.003 -20"><span class='ocrx_word' id='word_1_185' title='bbox 485 3624 678 3686; x_wconf 90' lang='lat' dir='ltr'><strong>rebus</strong></span> <span class='ocrx_word' id='word_1_186' title='bbox 712 3629 775 3684; x_wconf 91' lang='lat' dir='ltr'><strong>et</strong></span> <span class='ocrx_word' id='word_1_187' title='bbox 810 3623 963 3687; x_wconf 91' lang='lat' dir='ltr'><strong>inde</strong></span> <span class='ocrx_word' id='word_1_188' title='bbox 996 3624 1290 3686; x_wconf 88' lang='lat' dir='ltr'><strong>homines</strong></span> <span class='ocrx_word' id='word_1_189' title='bbox 1324 3624 1629 3687; x_wconf 87' lang='lat' dir='ltr'><strong>didicisse</strong></span> <span class='ocrx_word' id='word_1_190' title='bbox 1660 3626 1985 3688; x_wconf 88' lang='lat' dir='ltr'><strong>uocabula</strong></span> <span class='ocrx_word' id='word_1_191' title='bbox 2017 3626 2253 3703; x_wconf 89' lang='lat' dir='ltr'><strong>prima,</strong></span> 
     </span>
     <span class='ocr_line' id='line_1_30' title="bbox 485 3732 2164 3812; baseline 0.002 -18"><span class='ocrx_word' id='word_1_192' title='bbox 485 3732 863 3810; x_wconf 87' lang='lat' dir='ltr'><strong>desiperest.</strong></span> <span class='ocrx_word' id='word_1_193' title='bbox 939 3755 1093 3797; x_wconf 74' lang='lat' dir='ltr'><strong>‘nam</strong></span> <span class='ocrx_word' id='word_1_194' title='bbox 1125 3755 1244 3796; x_wconf 91' lang='lat' dir='ltr'><strong>cur</strong></span> <span class='ocrx_word' id='word_1_195' title='bbox 1274 3734 1380 3797; x_wconf 92' lang='lat' dir='ltr'><strong>hic</strong></span> <span class='ocrx_word' id='word_1_196' title='bbox 1413 3741 1631 3812; x_wconf 91' lang='lat' dir='ltr'><strong>posset</strong></span> <span class='ocrx_word' id='word_1_197' title='bbox 1663 3742 1900 3798; x_wconf 88' lang='lat' dir='ltr'><strong>cuncta</strong></span> <span class='ocrx_word' id='word_1_198' title='bbox 1932 3742 2164 3798; x_wconf 88' lang='lat' dir='ltr'><strong>notare</strong></span> 
     </span>
    </p>
   </div>
   <div class='ocr_carea' id='block_1_3' title="bbox 473 3870 1106 4001">
    <p class='ocr_par' dir='ltr' id='par_1_3' title="bbox 473 3870 1106 4001">
     <span class='ocr_line' id='line_1_31' title="bbox 473 3870 1013 3934; baseline 0.007 -14"><span class='ocrx_word' id='word_1_199' title='bbox 473 3870 605 3922; x_wconf 88' lang='grc'><strong>1020</strong></span> <span class='ocrx_word' id='word_1_200' title='bbox 626 3872 771 3934; x_wconf 63' lang='lat' dir='ltr'><strong>vulg.</strong></span> <span class='ocrx_word' id='word_1_201' title='bbox 805 3874 1013 3924; x_wconf 88' lang='lat' dir='ltr'><strong>violari</strong></span> 
     </span>
     <span class='ocr_line' id='line_1_32' title="bbox 473 3939 1106 4001; baseline 0.006 -14"><span class='ocrx_word' id='word_1_202' title='bbox 473 3939 606 3988; x_wconf 87' lang='grc'><strong>1032</strong></span> <span class='ocrx_word' id='word_1_203' title='bbox 626 3941 770 4001; x_wconf 64' lang='lat' dir='ltr'><strong>vulg.</strong></span> <span class='ocrx_word' id='word_1_204' title='bbox 804 3946 1106 3991; x_wconf 86' lang='lat' dir='ltr'><strong>monstrent</strong></span> 
     </span>
    </p>
   </div>
   <div class='ocr_carea' id='block_1_4' title="bbox 473 4006 1099 4140">
    <p class='ocr_par' dir='ltr' id='par_1_4' title="bbox 473 4006 1099 4140">
     <span class='ocr_line' id='line_1_33' title="bbox 474 4006 986 4073; baseline 0.01 -19"><span class='ocrx_word' id='word_1_205' title='bbox 474 4006 605 4055; x_wconf 86' lang='lat'><strong>1033</strong></span> <span class='ocrx_word' id='word_1_206' title='bbox 627 4008 770 4070; x_wconf 63' lang='lat' dir='ltr'><strong>vulg.</strong></span> <span class='ocrx_word' id='word_1_207' title='bbox 802 4010 986 4073; x_wconf 88' lang='lat' dir='ltr'><strong>quoad</strong></span> 
     </span>
     <span class='ocr_line' id='line_1_34' title="bbox 473 4075 1099 4140; baseline 0.008 -18"><span class='ocrx_word' id='word_1_208' title='bbox 473 4075 605 4123; x_wconf 88' lang='lat'>1038</span> <span class='ocrx_word' id='word_1_209' title='bbox 628 4076 762 4136; x_wconf 80' lang='lat' dir='ltr'><strong>fort.</strong></span> <span class='ocrx_word' id='word_1_210' title='bbox 792 4091 961 4140; x_wconf 90' lang='lat' dir='ltr'><strong>prope</strong></span> <span class='ocrx_word' id='word_1_211' title='bbox 989 4076 1099 4127; x_wconf 88' lang='lat' dir='ltr'><strong>iam</strong></span> 
     </span>
    </p>
   </div>
   <div class='ocr_carea' id='block_1_5' title="bbox 1469 4241 1619 4291">
    <p class='ocr_par' dir='ltr' id='par_1_5' title="bbox 1469 4241 1619 4291">
     <span class='ocr_line' id='line_1_35' title="bbox 1469 4241 1619 4291; baseline 0 -8"><span class='ocrx_word' id='word_1_212' title='bbox 1469 4241 1619 4291; x_wconf 74' lang='lat'>[1991</span> 
     </span>
    </p>
   </div>
  </div>
 </body>
</html>
