3182 4602
1087 353 1190 404 DE
1226 352 1492 403 RERVM
1524 352 1837 403 NATVRA
1876 352 1978 403 III

504 569 574 630 in
606 569 792 632 nullo
819 575 1022 647 caput
1053 568 1308 631 interea
1339 568 1425 632 sit
1457 568 1634 631 forte
1668 568 1907 631 dolore.

501 685 848 755 praeterea
876 678 1056 740 molli
1090 699 1238 741 cum
1269 698 1496 741 somno
1523 676 1755 741 dedita
1782 678 2075 741 membra

505 786 913 864 effusumque
942 786 1111 851 iacet
1140 787 1280 850 sine
1310 808 1505 851 sensu
1533 807 1775 865 corpus
1803 788 2181 864 honustum,

504 901 602 958 est
633 895 815 959 aliud
846 903 1068 961 tamen
1099 896 1171 959 in
1199 874 1388 960 nobis
1419 898 1595 974 quod
1625 904 1920 975 tempore
1950 897 2021 959 in
2052 896 2168 960 illo

504 1001 912 1068 multimodis
942 1005 1239 1085 agitatur
1269 1013 1335 1069 et
1366 1006 1578 1069 omnis
1607 1006 1849 1085 accipit
1879 1006 1951 1067 in
1980 1026 2047 1069 se
2104 1010 2111 1017 '
2718 1002 2815 1051 115

504 1113 797 1177 laetitiae
828 1120 1044 1179 motus
1078 1122 1142 1179 et
1175 1136 1371 1179 curas
1401 1116 1619 1179 cordis
1650 1116 1887 1180 inanis,

543 1228 823 1290 —Nunc
857 1226 1143 1290 animam
1175 1246 1432 1303 quoque
1463 1232 1542 1290 ut
1575 1224 1646 1287 in
1679 1225 1987 1288 membris
2020 1244 2404 1303 cognoscere
2437 1225 2645 1303 possis

505 1358 640 1401 esse
672 1357 881 1414 neque
913 1335 1258 1399 harmonia
1291 1355 1530 1414 corpus
1560 1334 1841 1397 senteire
1874 1335 2099 1413 solere,

419 1445 840 1524 ——principio
868 1445 945 1507 fit
977 1444 1080 1508 uti
1112 1446 1412 1509 detracto
1443 1464 1715 1523 corpore
1748 1446 1956 1507 multo

505 1574 699 1633 saepe
728 1562 952 1618 tamen
983 1554 1172 1617 nobis
1201 1554 1272 1615 in
1304 1554 1615 1617 membris
1644 1554 1791 1617 uita
1821 1561 2134 1617 moretur.
2722 1552 2825 1601 120

507 1671 705 1741 atque
739 1665 967 1728 eadem
997 1684 1285 1741 rursum,
1319 1684 1469 1727 cum
1503 1683 1783 1742 corpora
1815 1683 2029 1742 pauca
2062 1663 2299 1727 caloris

507 1773 832 1851 diffugere
868 1773 1178 1851 forasque
1217 1794 1335 1851 per
1373 1793 1441 1836 os
1475 1780 1574 1837 est
1611 1773 1831 1837 editus
1866 1794 1997 1849 aer,

509 1882 752 1945 deserit
785 1882 1112 1961 extemplo
1143 1903 1348 1945 uenas
1380 1890 1578 1961 atque
1613 1902 1755 1945 ossa
1787 1882 2124 1960 relinquit.

506 2011 770 2054 noscere
800 1998 877 2054 ut
906 1992 1062 2055 hinc
1093 1992 1301 2070 possis
1330 2012 1464 2055 non
1495 2012 1737 2069 aequas
1769 1991 1987 2055 omnia
2018 1992 2234 2071 partis

509 2120 787 2178 corpora
816 2102 1056 2165 habere
1088 2121 1299 2178 neque
1331 2123 1411 2165 ex
1441 2122 1652 2178 aequo
1681 2101 1922 2165 fulcire
1954 2102 2253 2178 salutem,
2725 2098 2831 2148 125

508 2210 622 2272 sed
651 2209 860 2287 magis
887 2211 1065 2287 haec,
1095 2210 1282 2273 uenti
1312 2231 1478 2288 quae
1507 2217 1667 2273 sunt
1696 2211 2023 2289 calidique
2052 2211 2323 2289 uaporis

508 2319 776 2396 semina,
809 2340 1042 2384 curare
1075 2321 1144 2382 in
1174 2322 1483 2384 membris
1511 2328 1588 2383 ut
1618 2321 1766 2384 uita
1794 2329 2107 2384 moretur.

479 2428 609 2504 (est
643 2429 852 2506 igitur
884 2430 1061 2492 calor
1095 2450 1170 2492 ac
1201 2437 1443 2523 uentus
1472 2431 1702 2494 uitalis
1735 2431 1805 2492 in
1836 2430 1981 2509 ipso

511 2557 783 2615 corpore
816 2538 931 2615 qui
963 2539 1151 2601 nobis
1182 2539 1608 2603 moribundos
1643 2541 1884 2604 deserit
1918 2541 2158 2617 artus)
2632 2623 2637 2628 ἱ

424 2653 919 2724 —quapropter
953 2649 1263 2725 quoniam
1299 2656 1394 2711 est
1430 2649 1635 2712 animi
1668 2656 1914 2714 natura
1946 2657 2212 2728 reperta
2728 2649 2836 2698 130·

512 2762 710 2833 atque
743 2756 999 2820 animae
1032 2758 1220 2834 quasi
1253 2779 1410 2836 pars
1441 2758 1741 2835 hominis,
1777 2761 1979 2823 redde
2009 2759 2380 2822 harmoniai

511 2884 765 2940 nomen,
803 2866 886 2928 ad
921 2867 1261 2944 organicos
1295 2869 1432 2930 alto
1463 2869 1757 2930 delatum
1792 2869 2097 2932 Heliconi
2117 2896 2141 2946 3,

512 2972 648 3036 sive
679 2973 947 3036 aliunde
978 2974 1106 3053 ipsi
1138 2997 1339 3054 porro
1367 2983 1631 3041 traxere
1664 2984 1727 3041 et
1759 2978 1831 3040 in
1862 2978 2045 3041 illam

512 3083 1022 3161 transtulerunt,
1056 3085 1328 3163 proprio
1363 3106 1529 3164 quae
1562 3093 1707 3149 tum
1739 3107 1842 3149 res
1875 3087 2135 3150 nomine
2170 3089 2418 3166 egebat.

513 3191 841 3269 quidquid
868 3193 937 3254 id
969 3200 1083 3270 est,
1114 3195 1432 3263 habeant:
1466 3203 1542 3259 tu
1573 3203 1791 3260 cetera
1820 3197 2085 3275 percipe
2117 3197 2314 3260 dicta.
2729 3197 2840 3247 135:

812 3471 1141 3521 ANIMVM
1177 3472 1272 3521 ΕΤ
1310 3471 1639 3522 ΑΝΙΜΑΜ
1677 3471 2117 3523 CONIVNCTA
2153 3473 2336 3524 ESSE

638 3561 832 3623 Nunc
865 3559 1158 3623 animum
1191 3567 1388 3637 atque
1420 3561 1707 3624 animam
1740 3561 1887 3624 dico
1919 3561 2271 3626 coniuncta
2301 3562 2511 3626 teneri

515 3669 690 3733 inter
720 3691 786 3733 se
817 3676 1015 3747 atque
1045 3690 1248 3732 unam
1277 3676 1590 3733 naturam
1621 3669 1935 3734 conficere
1967 3692 2043 3734 ex
2074 3691 2159 3747 se,

515 3779 627 3841 sed
659 3785 861 3857 caput
892 3799 1024 3841 esse
1056 3779 1244 3856 quasi
1275 3784 1339 3840 et
1371 3779 1699 3842 dominari
1730 3780 1801 3840 in
1830 3799 2101 3858 corpore
2130 3786 2271 3843 toto

516 3888 859 3950 consilium
889 3889 1066 3965 quod
1095 3908 1214 3950 nos
1244 3888 1538 3951 animum
1567 3895 1980 3966 mentemque
2009 3909 2340 3952 uocamus.

513 3997 715 4074 idque
745 3997 946 4059 situm
976 3998 1193 4060 media
1221 3997 1485 4075 regione
1516 3997 1588 4059 in
1620 3997 1903 4074 pectoris
1932 3999 2179 4062 haeret.
2728 3999 2845 4048 140*

1524 4135 1639 4186 [84]
