3182 4602
1101 393 1168 444 T..
1203 393 1534 445 LVGRETI
1570 393 1748 445 CARI

355 605 574 668 omnia
610 609 936 684 cernebat,
974 627 1422 686 quaecumque
1458 614 1817 686 receperat,
1855 608 2057 670 intus

353 715 666 778 ueridicis
697 716 906 794 igitur
938 717 1259 795 purgauit
1292 723 1560 795 pectora
1591 717 1787 780 dictis

355 830 419 887 et
447 825 643 888 finem
673 826 912 889 statuit
944 827 1336 904 cuppedinis
1367 834 1565 904 atque
1597 827 1853 890 timoris
2246 900 2257 912 .
2367 851 2373 856 ·
2602 823 2673 871 25

355 935 785 1012 exposuitque
816 936 1061 998 bonum
1091 957 1418 999 summum
1448 958 1580 1014 quo
1609 936 1943 1000 tendimus
1972 956 2194 1000 omnes

356 1043 518 1122 quid
553 1044 746 1122 foret,
783 1052 980 1122 atque
1014 1045 1194 1109 uiam
1224 1046 1642 1123 monstrauit,
1676 1046 1944 1109 tramite
1978 1066 2191 1124 paruo

354 1175 486 1231 qua
520 1174 852 1232 possemus
886 1156 973 1218 ad
1005 1155 1075 1217 id
1107 1162 1288 1218 recta
1320 1157 1715 1220 contendere
1750 1176 1967 1233 curSU,

355 1264 600 1342 quidue
633 1264 790 1326 mali
823 1264 998 1327 foret
1028 1265 1100 1326 in
1131 1267 1327 1328 rebus
1355 1265 1741 1328 mortalibu'
1775 1265 2037 1343 passim,

354 1375 530 1451 quod
561 1374 749 1437 fieret
777 1374 1073 1437 naturali
1104 1375 1419 1453 uarieque
1450 1376 1707 1438 uolaret
2602 1372 2674 1421 30

353 1503 468 1545 seu
501 1504 656 1546 casu
685 1503 802 1546 seu
830 1484 922 1560 ui,
957 1485 1134 1561 quod
1165 1484 1257 1546 sic
1289 1491 1537 1548 natura
1568 1491 1885 1562 parasset,

354 1601 418 1656 et
450 1593 690 1670 quibus
721 1615 754 1657 e
786 1594 997 1672 portis
1030 1595 1287 1657 occurri
1321 1594 1556 1671 cuique
1589 1596 1865 1670 deceret,

354 1710 419 1766 et
451 1723 658 1781 genus
691 1705 1056 1766 humanum
1089 1703 1347 1766 frustra
1381 1705 1769 1782 plerumque
1805 1704 2116 1782 probauit

353 1813 624 1876 uoluere
657 1834 970 1876 curarum
1001 1814 1214 1876 tristis
1246 1813 1318 1874 in
1351 1820 1613 1891 pectore
1647 1814 1906 1876 fluctuS.

355 1943 509 1986 nam
538 1923 751 1985 ueluti
784 1923 976 2001 pueri
1007 1923 1358 2000 trepidant·
1385 1930 1581 2000 atque
1613 1923 1833 1986 omnia
1862 1923 2068 1986 caecis
2602 1920 2674 1969 35

355 2032 425 2093 in
457 2033 749 2095 tenebris
778 2039 1104 2109 metuunt,
1138 2033 1230 2096 sic
1263 2053 1379 2094 nos
1411 2026 1481 2094 in
1511 2034 1656 2096 luce
1688 2033 1993 2096 timemus

355 2142 712 2219 interdum,
747 2142 956 2205 nihilo
991 2163 1156 2220 quae
1193 2150 1348 2205 sunt
1381 2144 1736 2206 metuenda
1769 2143 1978 2220 magis
2012 2163 2207 2219 quam

355 2272 523 2330 quae
557 2252 750 2330 pueri
784 2253 855 2315 in
888 2253 1177 2316 tenebris
1212 2252 1522 2331 pauitant
1553 2252 1947 2331 finguntque
1984 2251 2239 2316 futura.

271 2364 532 2425 —hunc
566 2363 775 2441 igitur
807 2368 1127 2425 terrorem
1161 2363 1366 2426 animi
1399 2365 1832 2440 tenebrasque
1866 2370 2186 2425 necessest

353 2492 488 2534 non
522 2472 698 2535 radii
730 2473 882 2534 solis
915 2493 1034 2536 nec
1067 2473 1291 2536 lucida
1321 2473 1455 2535 tela
1489 2472 1621 2533 diei
2603 2471 2676 2518 40

355 2582 738 2659 discutiant,
776 2583 890 2645 sed
923 2589 1204 2645 naturae
1239 2582 1486 2659 species
1518 2582 1837 2659 ratioque.

271 2711 488 2769 —quo
516 2692 724 2769 magis
757 2692 1094 2769 inceptum
1125 2712 1396 2769 pergam
1429 2698 1771 2769 pertexere
1804 2691 2016 2754 dictis,

485 2886 576 2949 Et
609 2887 920 2963 quoniam
953 2887 1148 2961 docui
1181 2886 1415 2949 mundi
1446 2887 1756 2949 mortalia
1787 2888 2036 2965 templa

355 3016 490 3059 esse
537 3006 600 3067 <
611 3003 749 3067 et>
796 2996 1029 3059 natiuo
1062 2996 1412 3059 consistere
1449 3016 1720 3073 corpore
1755 2997 2026 3073 caelum,

357 3113 421 3168 et
455 3126 948 3184 quaequomque
980 3106 1051 3167 in
1083 3126 1156 3167 eo
1187 3106 1358 3168 fiunt
1387 3106 1660 3183 fierique
1693 3113 2030 3182 necessest,
2606 3105 2679 3152 45

358 3217 674 3293 pleraque
709 3215 1000 3291 dissolui,
1039 3236 1205 3292 quae
1240 3222 1494 3278 restant
1530 3215 1798 3292 percipe
1832 3235 2049 3293 porro,

358 3324 890 3402 quondoquidem
924 3326 1120 3387 semel
1151 3324 1475 3402 insignem
1508 3325 1940 3387 conscendere
1972 3345 2243 3387 currum

291 3430 451 3496 [QVI
486 3415 1018 3481 PROCVRATION
1021 3432 1132 3481 EM
1163 3430 1290 3481 DIS
1326 3430 1742 3480 ATTRIBVIT
1779 3430 2035 3481 MVNDI
2070 3430 2226 3481 SIBI
2262 3431 2499 3482 IPSVM
2532 3432 2638 3483 DE

452 3514 577 3565 DIS
618 3514 1212 3565 IMMORTALIBVS
1253 3515 1890 3565 SOLLICITVDINES
1934 3515 2487 3581 CONSTITVERE]

358 3609 713 3667 uentorum
749 3604 1060 3680 exirtant,
1098 3605 1448 3681 placentur
1486 3604 1706 3666 omnia
1740 3624 2005 3666 rursum

361 3733 526 3790 quae
561 3712 819 3775 fuerint
853 3713 986 3775 sint
1021 3714 1282 3790 placato
1315 3733 1633 3776 conuersa
1666 3712 1918 3775 fauore.

417 3846 483 3894 28
504 3844 649 3906 vuly.
681 3848 828 3893 recto

416 3912 591 3962 45-49
612 3912 850 3961 nondum
879 3915 1106 3961 sanatus

1350 4166 1498 4217 [215]
