3182 4602
1145 427 1249 477 DE
1284 426 1550 477 RERVM
1584 426 1895 477 NATVRA
1940 427 2022 477 71

560 641 887 718 optundi?
963 662 1082 705 cur
1116 641 1256 720 ipse
1287 641 1449 705 sinit
1481 662 1693 720 neque
1726 642 1943 722 parcit
1978 642 2049 703 in
2080 641 2329 705 hostis?

559 751 842 828 denique
872 771 994 814 cur
1021 772 1382 830 numquam
1415 753 1597 816 caelo
1626 751 1784 815 iacit
1814 751 2111 830 undique
2143 771 2316 831 puro
2780 747 2883 798 400

559 861 870 940 Iuppiter
905 860 978 922 in
1010 868 1225 924 terras
1261 861 1518 924 fulmen
1555 862 1938 940 sonitusque
1976 861 2377 941 profundit!

559 991 648 1033 an
677 970 876 1033 simul
906 992 981 1034 ac
1013 972 1222 1034 nubes
1251 991 1632 1048 successere,
1666 971 1807 1051 ipse
1838 971 1909 1032 in
1942 991 2051 1034 eas
2080 977 2227 1034 tum

557 1080 916 1157 descendit,
948 1100 1156 1160 prope
1186 1088 1264 1144 ut
1295 1081 1449 1144 hinc
1479 1081 1598 1143 teli
1630 1081 2023 1145 determinet
2054 1081 2269 1144 ictus?

560 1189 631 1251 in
657 1210 838 1253 mare
869 1211 1002 1269 qua
1029 1211 1232 1270 porro
1258 1190 1466 1253 mittit
1498 1189 1798 1255 ratione?
1830 1190 1993 1269 quid
2024 1191 2240 1253 undas

559 1300 784 1377 arguit
813 1307 878 1363 et
907 1299 1230 1378 liquidam
1258 1302 1492 1363 molem
1521 1321 1913 1378 camposque
1942 1300 2283 1364 natantis?
2778 1298 2884 1347 405

473 1416 903 1487 —praeterea
929 1410 985 1472 si
1013 1411 1152 1473 volt
1182 1430 1531 1474 caueamus
1558 1409 1863 1472 fulminis
1893 1410 2117 1487 ictum,

558 1539 677 1581 cur
705 1520 972 1583 dubitat
1000 1519 1220 1583 facere
1247 1527 1326 1582 ut
1354 1520 1680 1598 possimus
1706 1539 1971 1584 cernere
1999 1520 2314 1583 missum?

555 1629 614 1692 si
645 1649 763 1712 nec
795 1629 1132 1707 opinantis
1164 1636 1384 1694 autem
1415 1631 1556 1692 uolt
1587 1631 1961 1710 opprimere
1994 1631 2154 1708 igni,

558 1760 677 1802 cur
703 1746 891 1803 tonat
921 1759 1000 1801 ex
1029 1738 1146 1803 1118
1172 1746 1384 1818 parte,
1413 1745 1490 1802 ut
1520 1740 1738 1802 uitare
1767 1761 2101 1818 queamus,

557 1869 678 1911 cur
709 1851 1012 1912 tenebras
1044 1856 1198 1913 ante
1230 1857 1296 1914 et
1327 1849 1639 1913 fremitus
1669 1857 1735 1913 et
1766 1871 2111 1914 murmura
2143 1850 2400 1914 concit?
2776 1847 2881 1896 410

557 1965 623 2021 et
655 1959 853 2022 simul
882 1960 953 2021 in
984 1960 1230 2022 multas
1263 1959 1476 2037 partis
1508 1959 1624 2037 qui
1656 1961 1920 2024 credere
1953 1961 2164 2038 possis

555 2068 862 2133 mittere?
897 2090 984 2134 an
1018 2071 1139 2132 hoc
1175 2069 1352 2131 ausis
1390 2090 1751 2146 numquam
1788 2071 2181 2133 contendere
2220 2069 2494 2146 factum,

557 2185 634 2240 ut
665 2178 898 2242 fierent
930 2179 1099 2242 ictus
1129 2199 1267 2242 uno
1295 2181 1417 2242 3111)
1448 2186 1743 2257 tempore
1778 2181 2044 2257 plures?

470 2293 627 2351 —at
659 2295 914 2367 saepest
945 2310 1218 2353 numero
1250 2288 1506 2353 factum
1537 2289 1811 2368 fierique
1843 2296 2181 2367 necessest,

556 2405 633 2461 ut
664 2400 892 2476 pluere
921 2399 992 2460 in
1023 2400 1250 2463 multis
1281 2400 1661 2478 regionibus
1692 2407 1757 2462 et
1788 2401 2020 2463 cadere
2050 2400 2299 2475 imbriS‚
2773 2398 2879 2447 415

557 2507 845 2571 fulmina
875 2509 968 2571 sic
998 2530 1136 2572 uno
1163 2510 1308 2574 fieri
1340 2512 1461 2573 sub
1495 2517 1790 2588 tempore
1822 2512 2051 2573 multa.
2546 2506 2553 2513 ’

469 2624 887 2695 —postremo
916 2639 1037 2681 cur
1070 2627 1298 2683 sancta
1332 2622 1528 2683 deum
1564 2621 1843 2683 delubra
1876 2640 2157 2698 suasque

556 2728 832 2791 discutit
863 2728 1110 2791 infesto
1140 2731 1517 2807 praeclaras
1546 2729 1829 2792 fulmme
1862 2731 2045 2793 sedes

557 2845 620 2901 et
652 2839 815 2902 bene
848 2838 1030 2901 facta
1060 2840 1258 2902 deum
1289 2838 1548 2917 frangit
1580 2840 1935 2903 simulacra
1967 2840 2232 2917 suisque

555 2948 760 3012 demit
794 2948 1192 3027 imaginibus
1226 2949 1520 3013 uiolento
1552 2951 1823 3013 uolnere
1858 2950 2211 3013 honorem?
2772 2948 2873 2998 420

555 3060 821 3137 altaque
853 3081 971 3123 cur
1005 3062 1392 3138 plerumque
1427 3060 1597 3138 petit
1630 3061 1774 3123 loca
1807 3060 2224 3138 plurimaque
2259 3061 2398 3123 eius

555 3168 887 3231 montibus
920 3169 990 3251 in
1023 3170 1292 3233 summis
1324 3170 1609 3248 uestigia
1643 3169 1971 3233 cernimus
2004 3170 2219 3247 ignis?

683 3448 873 3526 Quod
905 3454 1223 3526 superest,
1258 3448 1518 3511 facilest
1551 3470 1632 3511 ex
1663 3448 1767 3513 his
1800 3469 2182 3527 cognoscere
2215 3451 2426 3526 rebuS,

556 3564 886 3636 presteras
918 3557 1104 3622 Graii
1139 3578 1299 3635 quos
1333 3560 1414 3621 ab
1447 3579 1518 3619 re
1552 3559 2060 3636 nominitarunt‚

556 3669 627 3729 in
658 3689 837 3732 mare
868 3689 1000 3746 qua
1031 3668 1211 3730 missi
1242 3668 1519 3731 ueniant
1553 3668 1810 3731 ratione
1844 3689 2146 3747 superne.
2768 3667 2867 3716 425

470 3800 709 3841 —fnam
740 3779 816 3841 fit
848 3784 924 3841 ut
956 3778 1294 3841 interdum
1326 3785 1666 3855 tamquam
1699 3779 1981 3843 demissa
2013 3781 2316 3843 columna

555 3889 627 3950 in
655 3910 834 3952 mare
865 3889 945 3952 de
976 3890 1152 3952 caelo
1184 3889 1555 3964 descendat,
1590 3908 1787 3965 quam
1821 3890 1998 3953 freta
2030 3890 2277 3953 circum

480 4056 484 4061 .
555 3998 938 4061 feruescunt
973 3998 1271 4075 grauiter
1305 3998 1718 4075 spirantibus
1753 3998 1954 4061 lacita
1988 3999 2246 4076 flabris3

576 4132 679 4181 428
701 4132 842 4192 vuly.
872 4128 1043 4179 incita

1538 4198 1692 4249 [228]
