3182 4602
1223 416 1284 464 T.
1325 414 1654 466 LVGRETI
1693 414 1871 465 CARI

390 650 630 693 ——nam
661 631 824 694 bene
857 630 972 707 qui
1002 630 1295 694 didicere
1328 631 1482 694 deos
1514 650 1819 693 securum
1852 650 2045 708 agere
2078 648 2327 707 aeuom,

474 739 531 802 si
560 746 784 803 tamen
814 740 1068 803 interea
1098 740 1434 803 mirantur
1463 760 1598 817 qua
1627 739 1883 803 ratione

475 870 770 927 quaeque
808 849 950 927 geri
986 850 1258 927 possint,
1297 849 1689 928 praesertim
1725 850 1920 912 rebus
1956 848 2027 910 in
2065 847 2197 911 illis

474 979 641 1036 quae
671 979 916 1038 supera
943 966 1147 1038 caput
1177 959 1485 1023 aetheriis
1515 966 1885 1047 cernuntur
1915 957 1986 1020 in
2016 958 2168 1035 oris,
2721 954 2789 1003 85

473 1089 707 1133 rursus
741 1069 813 1131 in
849 1068 1159 1147 antiquas
1194 1069 1585 1132 referuntur
1623 1068 1971 1146 religiones

439 1223 442 1227 -
472 1186 538 1242 et
571 1178 866 1242 dominos
898 1179 1068 1242 acris
1101 1178 1496 1255 adsciscunt,
1531 1178 1753 1241 omnia
1784 1172 1969 1256 posse

473 1308 638 1365 quos
665 1288 890 1352 miseri
918 1290 1220 1365 credunt,
1255 1288 1475 1366 ignari
1508 1287 1670 1365 quid
1702 1293 1901 1365 queat
1935 1307 2088 1364 esse,

472 1398 636 1477 quid
668 1406 970 1476 nequeat,
1006 1398 1199 1462 finita
1230 1404 1521 1476 potestas
1553 1396 1835 1475 denique
1872 1396 2107 1474 cuique

472 1528 760 1587 quanam
791 1508 877 1571 sit
907 1508 1164 1572 ratione
1195 1515 1393 1586 atque
1425 1509 1556 1571 alte
1584 1507 1911 1571 terminus
1940 1507 2236 1570 haerens.
2721 1503 2788 1553 90

601 1872 791 1951 Quod
823 1878 1144 1950 superest,
1178 1892 1261 1935 ne
1293 1877 1358 1935 te
1393 1871 1464 1932 in
1498 1870 1837 1949 promissis
1870 1869 2068 1949 plura
2100 1889 2449 1946 moremur,
2512 1853 2518 1860 ¹

808 1978 1026 2028 MARE
1064 1976 1381 2028 CAELVM
1416 1976 1736 2027 TERBAM
1770 1975 2250 2027 INTERITVRA

468 2066 806 2145 principio
836 2066 1051 2129 maria
1083 2087 1157 2129 ac
1191 2073 1406 2129 terras
1441 2066 1823 2143 caelumque
1857 2072 2079 2141 tuere3

470 2196 752 2255 quorum
786 2183 1097 2239 naturam
1130 2175 1481 2253 triplicem,
1519 2175 1656 2239 tria
1689 2195 1985 2253 corpora,
2023 2174 2308 2251 Memmi,

469 2286 596 2350 tris
625 2285 874 2364 species
904 2293 1041 2350 tam
1075 2285 1430 2364 dissimilis,
1465 2286 1601 2350 tria
1631 2286 1797 2349 talia
1828 2290 2031 2362 texta,

469 2417 607 2460 una
634 2396 774 2460 dies
802 2396 989 2459 dabit
1019 2396 1238 2474 exitio,
1269 2397 1641 2474 multosque
1672 2416 1791 2475 per
1822 2416 2029 2459 annos
2718 2391 2787 2441 95

469 2512 840 2570 sustentata
873 2513 1026 2569 ruet
1060 2508 1262 2570 moles
1296 2513 1361 2570 et
1394 2506 1701 2569 machina
1734 2505 1989 2568 mundi.

437 2616 590 2692 (nec
623 2635 725 2678 me
762 2615 966 2679 animi
1000 2616 1184 2678 fallit
1215 2636 1413 2693 quam
1448 2636 1551 2678 res
1584 2636 1762 2679 noua
1795 2616 2093 2693 miraque
2128 2615 2335 2678 menti

469 2725 726 2789 accidat
763 2725 1039 2789 exitium
1074 2726 1237 2789 caeli
1271 2733 1619 2803 terraeque
1655 2726 1985 2802 futurum,

468 2841 534 2897 et
568 2856 765 2912 quam
796 2835 1060 2898 difficile
1094 2835 1164 2897 id
1195 2835 1360 2897 mihi
1391 2836 1479 2898 sit
1514 2835 1900 2912 peruincere
1936 2835 2165 2912 dictis;

467 2950 545 3007 ut
577 2944 653 3007 fit
683 2944 801 3007 ubi
831 2944 1167 3008 insolitam
1197 2966 1336 3008 rem
1369 2945 1680 3022 adportes
1714 2945 1986 3008 auribus
2020 2952 2173 3009 ante
2683 2941 2784 2990 100

468 3074 586 3117 nec
616 3060 838 3116 tamen
869 3054 1040 3117 hanc
1071 3055 1280 3132 possis
1313 3055 1651 3118 oculorum
1685 3055 1963 3117 subdere
1996 3054 2148 3117 uisu

466 3184 586 3226 nec
618 3163 830 3227 iacere
864 3163 1031 3227 indu
1062 3141 1318 3241 manue,
1352 3164 1469 3227 uia
1500 3184 1634 3241 qua
1664 3164 1926 3227 munita
1956 3164 2111 3228 fidei
2159 3163 2165 3167 ’

468 3273 769 3350 proxima
798 3273 934 3336 fert
962 3274 1326 3337 humanum
1357 3274 1429 3335 in
1459 3281 1691 3352 pectus
1721 3265 2096 3351 templaque
2126 3273 2383 3338 mentis.

466 3382 578 3444 sed
612 3388 836 3445 tamen
867 3383 1148 3446 effabor:
1184 3383 1380 3446 dictis
1413 3383 1600 3446 dabit
1634 3384 1779 3461 ipsa
1811 3383 2007 3446 fidem
2040 3404 2144 3448 res

466 3490 755 3555 forsitan
785 3499 851 3555 et
880 3492 1179 3570 grauiter
1208 3500 1542 3556 terrarum
1572 3493 1859 3556 motibus
1890 3493 2053 3556 ortis
2681 3491 2783 3540 105

468 3602 687 3664 omnia
723 3602 1146 3678 conquassari
1183 3602 1254 3664 in
1289 3623 1502 3681 paruo
1537 3611 1832 3680 tempore
1870 3623 2112 3666 cernes.

378 3712 642 3788 ——quod
675 3712 908 3788 procul
939 3732 978 3774 a
1007 3712 1195 3774 nobis
1225 3712 1445 3775 flectat
1477 3713 1757 3776 fortuna
1787 3714 2182 3791 gubernans,

467 3827 532 3883 et
565 3820 740 3883 ratio
771 3821 993 3898 potius
1026 3841 1224 3898 quam
1257 3842 1362 3884 res
1394 3824 1793 3900 persuadeat
1826 3822 1971 3900 ipsa

465 3929 799 3992 succidere
836 3930 1178 3996 horrisono
1217 3951 1401 4009 posse
1441 3932 1661 3995 omnia
1695 3932 1877 3995 uicta
1914 3933 2235 4010 fragore.)

1456 4191 1605 4243 [167]
