3182 4602
1138 427 1240 477 DE
1277 426 1541 477 RERVM
1578 426 1887 477 NATVRA
1934 426 1981 476 V

533 640 840 704 mobilius
873 641 1205 720 uideatur,
1244 644 1327 706 ad
1365 644 1536 706 hanc
1573 643 1734 721 quia
1768 642 1957 721 signa
1992 642 2316 706 reuisunt.

445 750 624 826 —sit
655 770 912 828 quoque
944 758 1023 815 ut
1056 773 1089 815 e
1121 752 1356 814 mundi
1387 752 1789 816 transuersis
1822 752 2128 830 partibus
2161 771 2274 815 aer

534 859 812 923 alternis
843 867 1024 925 certo
1056 861 1261 926 fluere
1296 863 1466 926 alter
1499 869 1795 941 tempore
1832 861 2055 941 possit,

535 969 670 1046 qui·
682 977 881 1047 queat
914 970 1182 1033 aestiuis
1215 972 1414 1034 solem
1447 972 1801 1035 detrudere
1836 971 2042 1050 signis

533 1079 852 1142 brumalis
883 1100 1090 1158 usque
1122 1082 1207 1144 ad
1241 1081 1450 1143 flexus
1482 1081 1901 1159 gelidumque
1935 1081 2239 1158 rigorem,
2750 1077 2853 1126 640

535 1195 601 1251 et
635 1189 751 1266 qui
784 1189 1017 1252 reiciat
1051 1190 1286 1268 gelidis
1320 1211 1360 1254 a
1389 1183 1669 1268 'frigoris
1703 1191 1955 1254 umbris

533 1298 882 1362 aestiferas
912 1319 1119 1377 usque
1152 1300 1223 1361 in
1255 1300 1468 1379 partis
1501 1307 1566 1364 et
1601 1299 1867 1364 feruida
1900 1299 2107 1392 signa.

535 1415 600 1470 et
627 1408 884 1471 ratione
912 1409 1062 1486 pari
1089 1410 1316 1472 lunam
1343 1411 1695 1486 stellasque
1724 1410 2181 1488 putandumst,

535 1538 702 1595 quae
735 1519 1022 1580 uoluunt
1053 1539 1326 1598 magnos
1359 1519 1428 1580 in
1461 1519 1724 1597 magnis
1756 1518 2023 1581 orbibus
2057 1538 2282 1595 annoS‚

535 1627 798 1691 aeribus
826 1648 1012 1706 posse
1043 1628 1317 1692 alternis
1347 1649 1380 1690 e
1411 1629 1717 1708 partibus
1746 1628 1861 1690 ire.
2750 1624 2853 1672 645

534 1757 752 1800 ‘nonne
782 1737 972 1801 uides
1003 1737 1201 1802 etiam
1232 1737 1514 1802 diuersis
1545 1737 1779 1801 nubila
1807 1737 2029 1802 uentis

534 1847 833 1910 diuersas
863 1847 960 1909 ire
994 1847 1065 1909 in
1099 1848 1314 1926 partis
1342 1847 1613 1911 inferna
1644 1847 1992 1926 supernis?

449 1957 651 2034 —qui
682 1957 901 2019 minus
933 1957 1050 2021 illa
1081 1964 1328 2035 queant
1360 1978 1480 2035 per
1511 1977 1785 2035 magnos
1815 1956 2099 2020 aetheris
2132 1956 2309 2019 orbis

536 2067 826 2130 aestibus
852 2067 1028 2131 inter
1055 2087 1121 2129 se
1151 2066 1432 2130 diuersis
1462 2067 1681 2130 sidera
1710 2065 1921 2129 ferri?

659 2177 754 2239 At
789 2197 921 2239 nox
956 2177 1178 2240 obruit
1214 2177 1470 2258 ingenti
1506 2175 1787 2253 caligine
1823 2183 2056 2252 terraS,
2749 2171 2850 2220 650

535 2291 655 2350 aut
681 2286 797 2350 ubi
828 2287 908 2351 de
938 2287 1136 2364 longo
1162 2308 1361 2350 cursu
1391 2287 1488 2349 sol
1515 2279 1753 2349 ultima
1784 2285 1947 2350 caeli

535 2396 804 2475 impulit
838 2404 1035 2474 atque
1067 2417 1217 2460 suos
1249 2396 1490 2460 efflauit
1521 2395 1882 2474 languidus
1915 2395 2089 2473 ignis

535 2524 878 2569 concussos
909 2506 1073 2569 itere
1107 2513 1170 2569 et
1200 2506 1564 2569 labefactos
1596 2526 1743 2569 aere
1775 2506 2003 2582 multe,

535 2623 654 2679 aut
683 2615 841 2693 quia
871 2617 991 2678 sub
1023 2623 1236 2679 terras
1267 2636 1532 2679 cursum
1563 2622 1951 2679 conuortere
1983 2613 2158 2692 cogit

535 2725 639 2787 uis
668 2726 913 2818 eadem,
944 2746 1149 2803 supra
1179 2746 1346 2803 quae
1374 2733 1587 2788 terras
1619 2724 1900 2802 pertulit
1930 2725 2171 2787 orbem.
2748 2719 2851 2769 655

575 2835 980 2913 —Tempore
1015 2835 1172 2897 item
1207 2842 1387 2897 certo
1416 2854 1668 2897 roseam
1703 2839 1947 2896 natura
1983 2854 2102 2911 per
2138 2824 2285 2895 oras

537 2944 822 3007 aetheris
856 2965 1163 3007 auroram
1200 2944 1427 3006 differt
1463 2950 1528 3006 et
1562 2943 1818 3006 lumina
1852 2942 2110 3020 pandit,

535 3061 655 3117 aut
689 3054 846 3131 quia
879 3055 976 3116 sol
1009 3053 1200 3130 idem,
1237 3055 1358 3116 sub
1392 3060 1607 3116 terras
1640 3052 1752 3115 ille
1787 3060 2147 3128 reuertens,
2195 3115 2201 3123 ,

537 3163 861 3241 anticipat
895 3164 1146 3226 caelum
1178 3162 1385 3225 radiis
1417 3162 1769 3225 accendere
1801 3168 2153 3239 temptanS,

535 3280 652 3336 aut
685 3273 840 3350 quia
872 3272 1276 3335 conueniunt
1308 3272 1492 3349 ignes
1525 3278 1588 3333 et
1617 3270 1869 3334 ’semina
1898 3272 2111 3333 multa
2551 3292 2556 3297 ·
2750 3267 2849 3316 660

536 3384 861 3445 confluere
897 3382 1156 3445 ardoris
1185 3388 1587 3453 consuerunt
1620 3361 1912 3458 tempore
1946 3387 2143 3457 cert0,

536 3513 703 3569 quae
735 3492 998 3555 faciunt
1031 3492 1186 3553 solis
1217 3512 1391 3555 noua
1424 3511 1680 3567 semper
1712 3490 1967 3552 lumina
2001 3488 2221 3567 gigni;

1203 3598 1309 3647 EX
1349 3598 1487 3647 IDA
1529 3595 1737 3646 VISIO
1779 3595 1991 3646 SOLIS

448 3689 712 3765 —quod
744 3707 950 3765 genus
984 3686 1202 3749 Idaeis
1235 3686 1416 3748 fama
1449 3692 1546 3749 est
1578 3707 1612 3748 e
1644 3684 1977 3747 montibus
2009 3682 2163 3746 altis

537 3798 867 3875 dispersos
899 3796 1073 3875 ignis
1110 3792 1349 3858 orienti
1382 3794 1631 3857 lumine
1668 3794 1867 3870 cerni,

535 3908 690 3971 inde
724 3906 896 3970 coire
931 3906 1196 3984 globum
1229 3904 1418 3982 quasi
1451 3904 1522 3965 in
1552 3924 1762 3966 unum
1796 3910 1860 3967 et
1894 3902 2208 3966 conficere
2242 3903 2484 3965 orbem.
2752 3899 2851 3949 665

558 4038 661 4087 656
682 4041 843 4087 atura
908 4036 1054 4098 vulg.
1085 4036 1309 4085 Matuta

1529 4204 1676 4254 [186]
