3182 4602
1047 391 1147 440 DE
1185 391 1448 442 RERVM
1485 391 1794 441 NATVRA
1842 392 1887 440 V

440 625 574 668 non
611 605 904 683 quierint
940 605 1160 670 animo
1195 607 1602 685 praesentire
1640 614 1837 685 atque
1873 607 2102 670 uidere

442 735 640 792 quam
673 735 1012 778 commune
1045 717 1292 779 malum
1325 716 1511 780 fieret
1545 716 1965 794 foedumque,
2002 716 2347 793 futurum3

357 831 508 888 -et
539 824 748 904 magis
781 825 851 888 id
887 826 1095 903 possis
1125 825 1381 890 factum
1414 827 1809 890 contendere
1842 825 1913 888 in
1948 825 2147 904 omni,

442 935 512 998 in
544 935 752 1000 uariis
781 935 1049 998 mundis
1078 935 1273 1000 uaria
1305 935 1561 1000 ratione
1596 935 1852 1012 creatis,
2482 983 2487 988 .
2623 932 2765 981 1345

442 1065 640 1122 quam
671 1053 852 1109 certo
881 1052 1079 1123 atque
1109 1065 1247 1108 uno
1275 1053 1611 1110 terrarum
1642 1044 1935 1123 quolibet
1968 1045 2164 1120 orbi.)

442 1154 556 1217 sed
589 1154 809 1219 facere
845 1155 916 1218 id
949 1175 1082 1218 non
1117 1162 1254 1218 tam
1287 1154 1602 1218 uincendi
1638 1176 1752 1234 spe
1786 1156 2167 1231 uoluerunt,

443 1285 641 1342 quam
675 1265 835 1329 dare
868 1265 1044 1342 quod
1079 1271 1413 1343 gemerent
1446 1266 1683 1342 hostes,
1719 1265 1977 1343 ipsique
2013 1263 2252 1343 perire,

443 1373 558 1451 qui
591 1394 868 1437 numero
898 1373 1284 1437 diffidebant
1319 1375 1655 1452 armisque
1682 1375 2031 1438 uacabant.

568 1482 821 1546 Nexilis
857 1490 1010 1547 ante
1049 1483 1185 1547 fuit
1220 1484 1424 1547 uestis
1461 1505 1660 1562 quam
1696 1485 1926 1548 textile
1960 1491 2242 1561 tegmen.
2624 1481 2763 1530 1350

442 1592 671 1656 textile
708 1599 856 1671 post
892 1592 1230 1670 ferrumst,
1267 1592 1424 1670 quia
1458 1592 1643 1656 ferro
1675 1594 1811 1656 tela
1845 1600 2146 1672 paratur,

442 1721 561 1765 nec
593 1701 849 1766 ratione
882 1702 1013 1767 alia
1045 1709 1323 1780 possunt
1350 1710 1489 1766 tam
1521 1703 1698 1766 leuia
1731 1703 1915 1781 gigni

444 1810 665 1874 insilia
700 1832 776 1874 ac
810 1811 948 1874 fusi
981 1812 1155 1876 radii
1191 1811 1500 1890 scapique
1537 1819 1863 1875 sonantes.

447 1928 510 1984 et
545 1921 764 1985 facere
798 1927 950 1984 ante
986 1921 1168 1984 uiros
1200 1923 1421 1986 lanam
1455 1928 1702 1987 natura
1737 1923 1949 2001 coegit

444 2052 642 2109 quam
671 2031 988 2094 muliebre
1019 2051 1226 2109 genus
1267 2033 1454 2109 (nam
1484 2033 1676 2110 longe
1709 2039 2003 2110 praestat
2036 2031 2109 2094 in
2138 2039 2281 2095 arte
2624 2029 2763 2079 1355

445 2148 510 2204 et
544 2141 875 2205 sollertius
911 2145 1008 2205 est
1041 2143 1253 2204 multo
1286 2163 1492 2219 genus
1527 2162 1714 2205 omne
1749 2141 2009 2219 uirile),

446 2251 768 2330 agricolae
803 2252 1008 2315 donec
1042 2251 1213 2315 uitio
1242 2258 1500 2315 uertere
1536 2251 1783 2329 seueri;

445 2369 522 2425 ut
557 2361 990 2426 muliebribus
1023 2361 1091 2424 id
1129 2363 1433 2425 manibus
1469 2363 1819 2426 concedere
1856 2363 2104 2426 uellent

445 2477 641 2550 atque
675 2471 803 2549 ipsi
835 2472 1090 2551 pariter
1124 2473 1368 2534 durum
1399 2472 1678 2535 sufferre
1711 2472 2018 2548 laborem,

446 2588 643 2658 atque
675 2602 869 2660 opere
898 2582 970 2643 in
999 2583 1169 2644 duro
1199 2583 1522 2644 durarent
1552 2584 1845 2645 membra
1874 2601 2257 2658 manusque.
2625 2578 2763 2627 1360

570 2692 664 2754 At
698 2690 1025 2768 specimen
1058 2691 1332 2753 sationis
1367 2698 1431 2754 et
1465 2689 1797 2753 insitionis
1832 2690 2016 2769 origo

446 2801 592 2878 ipsa
626 2800 760 2863 fuit
796 2822 1020 2863 rerum
1056 2801 1345 2877 primum
1380 2807 1626 2863 natura
1662 2800 1967 2877 creatrix,

447 2910 792 2973 arboribus
830 2909 1142 2987 quoniam
1180 2911 1377 2973 bacae
1418 2911 1820 2988 glandesque
1861 2910 2144 2973 caducae

446 3019 840 3096 tempestiua
880 3020 1130 3082 dabant
1169 3021 1505 3097 pullorum
1544 3018 1846 3083 examina
1884 3026 2150 3098 supter3

446 3129 622 3191 unde
655 3128 853 3191 etiam
885 3128 1213 3193 libitumst
1247 3128 1476 3207 stirpis
1511 3128 1914 3191 committere
1949 3128 2149 3191 ramis
2468 3170 2474 3179 ·
2626 3125 2764 3174 1365

449 3244 513 3300 et
545 3258 721 3301 noua
752 3237 1064 3301 defodere
1099 3238 1169 3299 in
1202 3243 1450 3301 terram
1483 3238 1785 3315 uirgulta
1819 3257 1938 3315 per
1972 3258 2181 3315 agros.

447 3347 602 3409 inde
636 3347 833 3411 aliam
867 3354 1065 3424 atque
1101 3348 1299 3411 aliam
1334 3348 1666 3410 culturam
1701 3347 1913 3409 dulcis
1948 3346 2143 3424 agelli

447 3458 863 3534 temptabant
900 3431 1292 3534 fructusque
1331 3456 1510 3520 feros
1541 3476 1993 3519 mansuescere
2027 3463 2210 3519 terra

449 3568 802 3629 cernebant
838 3566 1249 3643 indulgendo
1284 3567 1652 3642 blandeque
1691 3566 1980 3628 colendo.
2614 3637 2619 3643 ,

447 3676 648 3753 inque
681 3675 820 3739 dies
850 3675 1059 3753 magis
1092 3676 1163 3736 in
1197 3682 1482 3738 montem
1516 3676 1861 3738 succedere
1896 3675 2099 3737 siluas
2626 3672 2761 3722 1370

450 3787 767 3863 cogebant
804 3784 1115 3862 infraque
1151 3786 1364 3847 locum
1402 3785 1752 3846 concedere
1790 3784 2005 3861 cultiS,

449 3902 647 3973 prata
679 3896 861 3957 lacus
894 3894 1076 3957 riuos
1107 3900 1352 3971 segetes
1387 3893 1744 3970 uinetaque
1779 3894 1954 3956 laeta

439 4028 572 4076 1368
593 4026 737 4086 vuly.
771 4030 982 4076 terram

1439 4160 1586 4211 [210]
