3182 4602
1140 493 1200 544 Τ.
1223 494 1283 544 ·L
1292 493 1563 544 VCRETI
1599 493 1778 545 CARI

398 724 533 768 non
565 707 804 785 potuit,
836 709 1116 787 pedibus
1146 709 1262 787 qui
1294 715 1574 788 pontum
1605 729 1724 788 per
1754 709 1933 772 uada
1963 715 2228 787 possent
2612 703 2713 754 200

398 815 686 881 transire
717 823 782 880 et
813 837 1084 896 magnos
1113 818 1417 882 manibus
1445 818 1765 883 diuellere
1797 816 2039 882 montis

398 926 737 1004 multaque
766 926 1059 990 uiuendo
1084 927 1323 991 uitalia
1347 928 1614 992 uincere
1643 929 1876 1005 saecla,

399 1034 457 1096 si
485 1055 638 1112 non,
668 1036 974 1100 materies
1004 1036 1164 1114 quia
1188 1039 1386 1101 rebus
1417 1037 1682 1100 reddita
1711 1042 1956 1101 certast

400 1144 764 1223 gignundis
792 1166 826 1208 e
856 1165 988 1222 qua
1017 1152 1273 1210 constat
1304 1146 1466 1224 quid
1498 1146 1704 1224 possit
1734 1146 1938 1210 oriri?

315 1253 498 1315 —nil
532 1253 741 1333 igitur
771 1254 916 1318 fieri
949 1255 1031 1319 de
1064 1255 1205 1318 nilo
1235 1275 1421 1332 posse
1457 1254 1891 1333 fatendumst,
2612 1251 2715 1303 2⁰⁵

401 1363 644 1426 semine
672 1365 942 1441 quando
969 1384 1135 1443 opus
1163 1371 1260 1428 est
1291 1366 1504 1442 rebus,
1537 1385 1667 1444 quo
1696 1385 1992 1444 quaeque
2023 1371 2281 1428 creatae

402 1473 573 1536 aeris
606 1472 676 1534 in
707 1479 968 1537 teneras
1001 1482 1266 1553 possent
1299 1473 1667 1553 proferrier
1702 1495 1918 1538 auras.

315 1589 733 1659 —postremo
761 1583 1072 1661 quoniam
1103 1583 1374 1646 incultis
1406 1591 1746 1662 praestare
1777 1584 2082 1648 uidemus

403 1692 584 1755 culta
613 1693 755 1755 loca
787 1699 851 1755 et
883 1693 1187 1756 manibus
1218 1693 1504 1756 melioris
1536 1693 1813 1758 reddere
1847 1693 2045 1772 fetuS,

403 1821 536 1864 esse
568 1801 880 1865 uidelicet
910 1801 981 1864 in
1013 1800 1212 1865 terris
1246 1802 1611 1881 primordia
1644 1823 1867 1866 rerum
2615 1800 2717 1851 210

402 1932 570 1989 quae
597 1931 715 1974 nos
744 1911 1066 1975 fecundas
1091 1919 1427 1976 uertentes
1454 1932 1717 1976 uomere
1745 1912 1968 1990 glebas
2034 1919 2043 1943 ·“

403 2021 737 2099 terraique
769 2022 979 2084 solum
1013 2021 1389 2098 subigentes
1423 2020 1631 2084 cimus
1665 2022 1749 2085 ad
1788 2028 1991 2085 ortus,

405 2131 580 2208 quod
609 2130 666 2192 si
694 2130 881 2193 nulla
910 2129 1153 2207 forent,
1183 2137 1408 2195 nostro
1438 2131 1578 2195 sine
1612 2152 1907 2209 quaeque
1938 2132 2161 2196 labore

403 2246 635 2319 sponte
666 2260 788 2304 sua
817 2241 1029 2304 multo
1055 2239 1200 2300 fieri
1228 2240 1501 2304 meliora
1529 2240 1810 2305 uideres,

867 2431 1093 2480 NIHIL
1139 2431 1244 2480 AD
1291 2431 1639 2481 NIHILVM
1683 2432 2055 2483 INTERIRE

531 2519 683 2581 Huc
713 2518 964 2583 accedit
992 2519 1095 2582 uti
1124 2519 1403 2597 quicque
1433 2519 1502 2581 in
1533 2541 1655 2583 sua
1682 2540 1962 2599 corpora
1989 2541 2257 2584 rursum
2615 2518 2718 2569 215

404 2628 724 2692 dissoluat
751 2634 998 2692 natura
1025 2648 1234 2705 neque
1266 2630 1350 2692 ad
1381 2629 1670 2691 nihilum
1697 2630 2047 2693 interemat
2078 2651 2200 2693 res,

319 2759 558 2801 —nam
591 2738 811 2815 siquid
847 2739 1123 2802 mortale
1169 2747 1351 2809 <e>
1397 2739 1654 2802 cunctis
1690 2739 1994 2817 partibus
2032 2745 2217 2817 esset,

405 2869 483 2911 ex
516 2848 720 2911 oculis
746 2868 852 2910 res
883 2868 1178 2925 quaeque
1209 2855 1479 2926 repente
1511 2854 1740 2927 erepta
1773 2849 2041 2927 periret.

403 2958 592 3021 nulla
619 2957 692 3021 ui
723 2957 898 3021 foret
928 2978 1089 3021 usus
1119 2958 1292 3021 enim
1323 2978 1490 3036 quae
1523 2958 1829 3036 partibus
1862 2958 2002 3022 eius

406 3066 756 3130 discidium
789 3087 1022 3145 parere
1057 3072 1120 3129 et
1150 3087 1358 3131 nexus
1390 3068 1723 3131 exsoluere
1757 3075 1992 3146 posset.
2617 3067 2720 3118 220

406 3178 582 3255 quod
613 3197 810 3254 nunc,
844 3184 1111 3240 aeterno
1142 3177 1301 3255 quia
1331 3183 1637 3240 constant
1668 3177 1911 3241 semine
1946 3198 2259 3257 quaeque,

405 3287 611 3350 donec
641 3287 746 3350 uis
778 3286 941 3350 obiit
973 3306 1139 3364 quae
1172 3307 1278 3349 res
1306 3287 1684 3350 diuerberet
1718 3286 1856 3350 ictu

406 3402 524 3460 aut
555 3396 738 3459 intus
773 3402 1073 3474 penetret
1107 3416 1227 3475 per
1259 3396 1489 3460 inania
1523 3396 1992 3474 dissoluatque‚

404 3505 659 3569 nullius
689 3504 964 3570 exitium
997 3506 1256 3584 patitur
1286 3513 1532 3569 natura
1563 3505 1801 3569 uideri.

320 3621 750 3693 —praeterea
780 3635 1224 3694 quaecumque
1255 3620 1589 3679 uetustate
1622 3623 1881 3679 amouet
1913 3623 2111 3691 aetaS,
2618 3614 2721 3665 225

405 3726 462 3788 si
491 3725 758 3804 penitus
787 3724 1065 3803 peremit
1095 3745 1479 3788 consumens
1507 3724 1848 3788 materiem
1879 3734 2153 3802 omnem,
2531 3732 2536 3738 '

404 3836 583 3898 unde
614 3834 895 3899 animale
924 3854 1130 3913 genus
1160 3834 1523 3913 generatim
1551 3834 1625 3895 in
1653 3833 1907 3897 lumina
1935 3834 2115 3897 uitae

406 3944 714 4009 redducit
744 3946 990 4021 VenuS,
1023 3950 1140 4007 aut
1172 3944 1567 4007 redductum
1600 3944 1880 4008 daedala
1910 3943 2108 4007 tellus

404 4055 583 4118 unde
616 4054 737 4118 alit
770 4060 967 4132 atque
1001 4060 1198 4131 auget
1230 4052 1596 4131 generatim
1629 4054 1876 4131 pabula
1908 4054 2272 4131 praebens?

429 4195 533 4247 20⁴7
551 4194 698 4257 vulg.
729 4191 943 4259 possint
1563 4234 1568 4239 .

1430 4293 1512 4345 [8]
