3182 4602
1229 381 1290 430 T.
1333 379 1660 432 LVCRETI
1699 379 1877 430 CARI

481 604 744 660 uertere
778 596 848 658 in
880 596 1260 672 utilitatem,
1295 602 1365 659 at
1396 602 1674 658 uentum
1706 602 1770 658 et
1805 594 2061 672 frigora
2094 613 2369 671 semper.

483 707 553 767 in
589 707 828 769 fluuios
859 706 1106 785 partim
1141 707 1388 784 gelidos
1425 705 1731 768 ardentia
1764 707 1989 767 morbo
2086 717 2089 722 “

482 819 774 880 membra
810 817 1060 880 dabant
1093 817 1350 878 nudum
1385 816 1697 879 iacientes
1732 834 1971 892 corpus
2005 815 2076 876 in
2110 815 2343 876 undas,

483 927 678 990 multi
714 926 1113 1005 praecipites
1145 926 1458 1004 nymphis
1492 925 1871 1004 putealibus
1906 925 2037 988 alte
2661 919 2796 968 1178

485 1037 864 1100 inciderunt
899 1037 1044 1115 ipso
1076 1037 1418 1100 uenientes
1451 1057 1562 1099 ore
1596 1042 1898 1114 patente:
2662 1030 2797 1078 1174

485 1147 938 1210 insedabiliter
969 1147 1117 1209 sitis
1149 1147 1358 1222 arida,
1393 1166 1673 1224 corpora
1702 1165 2014 1222 mersanS,

485 1260 807 1335 aequabat
846 1258 1130 1320 multum
1167 1257 1398 1336 paruis
1434 1256 1774 1318 umoribus
1811 1256 2103 1319 imbrem.

397 1388 603 1430 —nec
638 1368 894 1445 requies
930 1375 1074 1430 erat
1108 1368 1247 1429 ulla
1281 1367 1471 1429 mali:
1510 1365 1770 1429 defessa
1805 1366 2106 1429 iacebant
2662 1361 2797 1410 1177
2856 1339 2859 1342 ⁴

485 1498 779 1556 corpora.
857 1479 1192 1540 mussabat
1224 1477 1428 1540 tacito
1461 1477 1788 1540 medicina
1820 1476 2074 1553 timore,

485 1588 732 1666 quippe
766 1588 1068 1666 patentia
1097 1608 1246 1650 cum
1278 1587 1520 1650 totiens
1554 1587 1860 1650 ardentia
1891 1586 2135 1649 morbis
2660 1581 2797 1630 1180

485 1698 737 1760 lumina
772 1705 1118 1761 uersarent
1155 1699 1493 1760 oculorum
1529 1697 1830 1775 expertia
1864 1716 2106 1759 somno.

398 1809 822 1885 —multaque
860 1814 1206 1886 praeterea
1237 1807 1468 1870 mortis
1504 1817 1649 1870 tum
1686 1807 1876 1884 signa
1912 1808 2266 1883 dabantur,

484 1919 876 1996 perturbata
913 1917 1117 1980 animi
1151 1939 1334 1981 mens
1368 1918 1439 1978 in
1475 1937 1768 1981 maerore
1802 1924 2131 1994 metuque,

484 2029 674 2091 triste
710 2027 1157 2106 supercilium,
1195 2027 1488 2090 furiosus
1521 2028 1746 2090 uoltus
1782 2034 1846 2090 et
1881 2047 2048 2104 acer,

483 2137 801 2201 sollicitae
834 2158 1036 2216 porro
1064 2138 1426 2216 plenaeque
1457 2138 1803 2201 sonoribus
1834 2157 2047 2214 aureS,
2661 2133 2796 2181 1185

484 2249 708 2311 creber
742 2247 1021 2327 spiritus
1056 2254 1173 2311 aut
1208 2247 1439 2326 ingens
1473 2268 1755 2330 raroque
1790 2254 2071 2325 coortUS,

483 2359 871 2436 sudorisque
906 2360 1177 2423 madens
1212 2379 1332 2437 per
1368 2360 1609 2422 collum
1644 2358 2033 2438 splendidus
2064 2378 2273 2435 umor,

483 2469 712 2533 tenuia
743 2476 944 2547 sputa
973 2469 1250 2545 minuta,
1285 2470 1458 2532 croci
1489 2476 1793 2532 contacta
1825 2469 2036 2532 colore

484 2579 800 2656 salsaque,
835 2600 954 2658 per
985 2579 1212 2642 fauces
1242 2600 1443 2642 rauca
1474 2580 1593 2641 uix
1624 2580 1803 2643 edita
1833 2579 2018 2641 tussi.

486 2689 555 2749 in
587 2689 892 2752 manibus
922 2710 1083 2752 uero
1111 2690 1305 2752 nerui
1336 2691 1599 2753 trahere
1633 2697 1698 2752 et
1730 2695 2007 2751 tremere
2042 2695 2231 2751 artus
2660 2684 2796 2733 1190

485 2820 524 2861 a
556 2799 962 2877 pedibusque
995 2799 1377 2863 minutatim
1411 2800 1757 2862 succedere
1792 2798 2010 2877 frigus

483 2929 617 2970 non
651 2910 1018 2973 dubitabat.
1096 2910 1253 2972 item
1286 2911 1373 2973 ad
1407 2930 1789 2988 supremum
1824 2909 2105 2986 denique
2139 2916 2401 2987 tempus

485 3038 868 3097 conpressae
902 3040 1113 3095 nareS,
1149 3020 1295 3082 nasi
1330 3019 1641 3097 primoris
1675 3040 1948 3088 acumen

484 3134 700 3205 tenue,
737 3128 958 3192 cauati
993 3130 1184 3205 oculi,
1219 3150 1384 3193 caua
1417 3136 1735 3207 tempora,
1774 3128 2026 3206 frigida
2061 3128 2253 3207 pellis

449 3238 782 3316 ’fduraque
817 3239 888 3299 in
922 3259 1030 3301 ore
1066 3240 1235 3301 iacet
1266 3246 1520 3302 rectum
1555 3238 1744 3302 frons
1776 3245 1962 3302 tenta
1995 3240 2231 3302 mebat.
2660 3236 2797 3285 1195

415 3359 420 3361 ’
483 3368 601 3410 nec
635 3348 837 3412 nimio
871 3349 1090 3426 rigida
1126 3355 1276 3427 post
1311 3355 1498 3411 artus
1532 3356 1742 3411 morte
1778 3349 2098 3411 iacebant.

485 3466 844 3535 octauoque
883 3458 1024 3522 fere
1063 3459 1374 3525 candenti
1411 3459 1659 3523 lumine
1697 3459 1851 3521 solis

485 3575 602 3631 aut
636 3568 834 3631 etiam
865 3589 1040 3632 nona
1075 3569 1439 3631 reddebant
1475 3570 1781 3648 lampade
1816 3570 2045 3631 uitam.

399 3698 764 3755 —quorum
795 3678 1019 3755 siquis,
1052 3686 1127 3741 ut
1163 3684 1278 3755 est,
1311 3679 1564 3742 uitarat
1602 3680 1845 3741 funera
1875 3679 2012 3755 leti,

472 3811 607 3860 1178
628 3810 771 3870 vuly.
800 3810 1035 3873 lymphis

473 3879 606 3927 1180
631 3878 764 3938 fort.
796 3878 1030 3927 fiammis

474 3947 608 3995 1195
631 3946 764 4006 fort.
799 3946 1049 4009 duraque
1082 3947 1190 3995 iam
1225 3947 1514 3996 auriculae
1545 3950 1770 3997 tractae
1803 3946 1965 3996 frons
1996 3950 2160 3996 tenta
2194 3945 2461 3996 manebat

473 4014 607 4062 1199
630 4012 763 4074 fort.
799 4014 911 4062 iam
945 4012 1165 4063 vitarat
2306 4016 2311 4021 ’

1472 4159 1621 4211 [255]
