3182 4602
1060 369 1166 422 DE
1199 369 1464 422 RERVM
1498 368 1811 420 NATVRA
1848 367 1917 420 II

459 586 716 666 gratius
747 586 1102 664 interdum,
1136 607 1347 666 neque
1377 593 1623 650 natura
1652 585 1799 664 ipsa
1828 583 2146 663 requirit3

371 695 515 758 —si
546 716 678 759 non
713 715 914 760 aurea
945 703 1102 760 sunt
1134 695 1450 758 iuuenum
1484 695 1841 758 simulacra
1872 713 1991 771 per
2024 693 2217 757 aedes

457 806 800 884 lampadas
831 805 1156 884 igniferas
1188 805 1492 868 manibus
1522 804 1881 868 retinentia
1913 802 2185 880 dextris,

457 915 711 979 lumina
743 915 1086 978 nocturnis
1120 915 1334 993 epulis
1364 922 1443 978 ut
1474 914 2010 993 suppeditentur,

457 1046 576 1089 nec
606 1027 839 1089 domus
871 1032 1148 1103 argento
1178 1024 1394 1103 fulget
1427 1033 1719 1102 a'uroque
1751 1023 2011 1088 renidet

457 1157 577 1199 1100
609 1136 902 1200 citharae
934 1137 1208 1199 reboant
1241 1136 1549 1212 laqueata
1581 1140 1947 1211 aurataque
1978 1133 2260 1212 templa;

428 1247 610 1323 (011111
644 1253 866 1309 tamen
899 1245 1076 1308 inter
1109 1265 1176 1308 se
1209 1244 1530 1324 prostrati
1564 1243 1637 1306 in
1671 1244 1967 1322 gramine
2002 1242 2183 1306 molli

460 1360 736 1432 propter
766 1375 973 1432 aquae
1002 1354 1225 1416 riuum
1253 1355 1374 1416 sub
1403 1353 1606 1416 ramis
1633 1352 1887 1416 arboris
1916 1353 2089 1415 altae

460 1484 592 1527 non
625 1464 884 1542 magnis
914 1464 1150 1542 opibus
1182 1463 1468 1526 iucunde
1502 1483 1782 1540 corpora
1814 1469 2073 1538 curant,

461 1573 850 1652 praesertim
880 1595 1029 1638 cum
1058 1580 1415 1651 tempestas
1444 1573 1707 1636 adridet
1739 1580 1803 1636 et
1835 1571 1996 1634 anni

459 1691 760 1762 tempora
795 1690 1240 1761 conspergunt
1273 1682 1635 1745 uiridantis
1672 1682 1943 1744 floribus
1977 1680 2274 1757 herbas).

460 1815 580 1857 nec
611 1793 862 1858 calidae
892 1793 1088 1856 citius
1119 1793 1445 1856 decedunt
1476 1811 1749 1870 corpore
1780 1791 2017 1867 febres,

459 1903 803 1967 textilibus
832 1903 888 1965 si
917 1903 989 1965 in
1018 1903 1298 1980 picturis
1329 1910 1633 1980 ostroque
1666 1901 1933 1964 rubenti

461 2013 746 2090 iacteris,
778 2033 974 2090 quam
1004 2013 1060 2074 si
1089 2013 1161 2075 in
1189 2012 1444 2090 plebeia
1471 2019 1656 2076 ueste
1685 2011 2063 2074 cubandum
2092 2017 2207 2074 est.

377 2129 872 2202 —quapropter
905 2122 1214 2200 quoniam
1243 2122 1340 2183 nil
1369 2128 1597 2185 nostro
1625 2122 1696 2183 in
1728 2141 1998 2199 corpore
2030 2141 2227 2198 gazae

463 2232 822 2313 proficiunt
851 2253 1062 2311 neque
1092 2232 1403 2295 nobilitas
1433 2253 1552 2295 nec
1584 2231 1795 2310 gloria
1826 2229 2035 2309 regni,

463 2344 639 2421 quod
669 2350 986 2421 superest,
1020 2342 1239 2406 animo
1266 2362 1522 2420 quoque
1550 2342 1647 2403 nil
1679 2342 1983 2420 prodesse
2015 2341 2425 2419 putandum;

463 2454 521 2515 si
547 2474 682 2516 non
708 2452 886 2516 forte
915 2460 1066 2515 tuas
1093 2452 1381 2530 legiones
1410 2473 1529 2530 per
1558 2453 1701 2515 loca
1731 2451 1947 2528 campi

466 2562 728 2626 feruere
760 2583 908 2625 cum
936 2562 1167 2625 uideas
1194 2561 1350 2625 belli
1378 2562 1731 2624 simulacra
1764 2560 2015 2637 cientis,

445 2672 776 2764 ,subsidiis
811 2671 1067 2750 magnis
1101 2670 1436 2749 equitatus
1471 2670 1941 2746 constabilitas,

466 2788 734 2846 ornatas
771 2782 974 2845 armis
1016 2792 1079 2853 <
1090 2791 1362 2860 porro>
1411 2780 1793 2859 pariterque
1831 2779 2175 2857 animataS,

361 2918 364 2925 ·
467 2892 730 2956 feruere
765 2912 914 2954 cum
947 2891 1178 2955 uideas
1213 2892 1482 2954 classem
1514 2892 1777 2967 lateque
1812 2888 2085 2967 uagari,·

465 3002 569 3064 his
599 3001 724 3065 tibi
754 3008 899 3064 tum
930 3003 1126 3064 rebus
1156 2999 1533 3063 timefactae
1567 2999 1916 3077 religiones

467 3111 796 3189 effugiunt
829 3111 1049 3173 animo
1078 3110 1362 3189 pauidae
1383 3132 1400 3187 3'
1428 3109 1788 3187 mortisque
1819 3108 2085 3171 timores

465 3228 609 3285 tum
635 3241 922 3283 uacuum
950 3226 1180 3298 pectus
1206 3220 1466 3283 lincunt
1497 3239 1785 3296 curaque
1814 3219 2120 3281 solutum.

381 3332 641 3409 —quod
674 3329 729 3392 si
758 3330 1043 3393 ridicula
1070 3331 1228 3393 haec
1256 3328 1678 3406 ludibriaque
1709 3348 1842 3391 esse
1870 3327 2193 3405 uidemuS,

466 3461 537 3503 re
567 3459 857 3517 ueraque
889 3418 1106 3502 metus·
1130 3438 1470 3502 hominum
1502 3456 1827 3514 curaeque
1858 3456 2163 3513 sequaces

466 3572 586 3614 nee
618 3555 927 3613 metuunt
958 3548 1214 3611 sonitus
1244 3568 1577 3611 armorum
1610 3568 1730 3610 1100
1764 3546 1914 3609 fera
1944 3547 2075 3609 tela

469 3661 911 3736 audacterque
947 3658 1121 3721 inter
1153 3678 1336 3736 reges
1369 3677 1721 3734 rerumque
1757 3655 2045 3734 potentis

465 3776 824 3833 uersantur
854 3789 1065 3846 neque
1098 3767 1426 3845 fulgorem
1458 3773 1852 3830 reuerentur
1886 3768 1966 3829 ab
1999 3784 2163 3829 auro

466 3900 586 3943 nec
615 3880 868 3942 clarum
895 3878 1100 3941 uestis
1129 3878 1542 3955 splendorem
1573 3875 1959 3954 purpureai,
1988 3880 1996 3888 '

524 4010 592 4060 42
615 4009 830 4075 epicuri

524 4080 592 4129 43
614 4079 863 4130 itastuas
1476 4143 1589 4195 [40]

2704 797 2771 847 25

2706 1347 2774 1398 30

2706 1895 2775 1946 35

2708 2446 2775 2497 40

2670 2884 2775 2934 431>

2709 3104 2775 3153 45

2708 3649 2775 3700 50
