3182 4602
1221 375 1324 425 DE
1362 375 1625 426 RERVM
1662 376 1970 427 NATVRA
2017 376 2064 426 V

617 596 773 651 sunt
806 595 870 652 et
902 590 1090 667 larga
1119 610 1239 653 suo
1269 591 1408 656 sine
1441 593 1690 670 pabula
1722 599 1919 671 parta
1948 593 2190 671 labore,

617 718 784 775 quae
818 700 1053 762 damus
1083 700 1398 764 utilitatis
1432 721 1657 764 eorum
1690 702 1988 780 praemia
2016 703 2267 780 causa.)

616 814 688 871 at
718 808 866 886 quis
893 809 992 871 nil
1019 810 1257 873 horum
1287 810 1526 874 tribuit
1557 818 1823 889 natura,
1854 833 1975 876 nec
2006 812 2152 892 ipsa

617 923 850 996 sponte
880 939 1003 983 sua
1032 927 1298 999 possent
1329 927 1407 983 ut
1438 920 1668 984 uiuere
1700 942 1819 984 nec
1851 923 2009 985 dare
2041 921 2231 984 nobis

614 1027 976 1092 utilitatem
1007 1028 1298 1106 aliquam
1331 1050 1535 1107 quare
1569 1037 1950 1109 pateremur
1983 1052 2208 1094 eorum
2298 1031 2305 1040 ‘

616 1137 949 1216 praesidio
975 1145 1202 1202 nostro
1228 1139 1410 1219 pasci
1441 1160 1651 1217 genus
1680 1160 1941 1218 esseque
1972 1147 2214 1218 tutum,

615 1246 862 1310 scilicet
894 1249 1052 1311 haec
1086 1248 1235 1312 aliis
1266 1250 1553 1328 praedae
1585 1251 1901 1328 lucroque
1932 1250 2235 1314 iacebant

551 1353 554 1358 ’
615 1356 1013 1434 indupedita
1043 1357 1180 1420 suis
1213 1358 1536 1422 fatalibus
1567 1359 1789 1423 omnia
1819 1359 2079 1436 uinclis,

615 1466 820 1529 donec
853 1467 939 1530 ad
973 1467 1318 1530 interitum
1353 1488 1558 1546 genus
1593 1468 1663 1531 id
1694 1476 1943 1532 natura
1973 1469 2249 1548 redegit.

1387 1575 1487 1624 DE
1531 1574 1963 1625 CENTAVRIS

742 1660 872 1724 Sed
904 1682 1114 1739 neque
1150 1663 1468 1726 Centauri
1500 1664 1799 1741 fuerunt,
1832 1684 1951 1727 nec
1982 1671 2275 1742 tempore
2308 1664 2380 1726 in
2409 1664 2549 1727 ullo

614 1789 747 1834 esse
782 1778 1034 1848 queunt
1068 1772 1321 1850 duplici
1353 1780 1598 1836 natura
1632 1779 1695 1835 et
1729 1794 1999 1852 corpore
2030 1774 2205 1850 bin0‚

614 1901 694 1943 ex
727 1879 1113 1972 alienigenis
1143 1883 1452 1945 membris
1485 1890 1827 1961 compacta
1859 1889 2169 1962 potestas,

610 1989 766 2052 hinc
800 1990 984 2053 illinc
1016 2011 1140 2070 par
1171 1991 1276 2056 uis
1308 1999 1386 2054 ut
1418 1998 1519 2055 sat
1552 2013 1677 2071 par
1712 2013 1844 2055 esse
1878 1993 2160 2072 potissit.

613 2099 680 2161 id
717 2099 870 2163 licet
903 2094 1059 2164 hinc
1093 2101 1397 2178 quamuis
1428 2102 1647 2165 hebeti
1682 2122 2065 2180 cognoscere
2103 2103 2314 2166 corde.

609 2209 946 2288 principio
978 2210 1226 2274 circum
1258 2211 1474 2275 tribus
1507 2211 1672 2275 actis
1705 2212 1988 2290 impiger
2020 2212 2213 2275 annis

612 2320 802 2383 floret
834 2341 1002 2397 ecus,
1039 2341 1207 2400 puer
1238 2323 1772 2400 hautquaquam3
1807 2344 1961 2385 nam
1996 2342 2189 2401 saepe
2223 2322 2422 2386 etiam
2454 2343 2636 2386 nunc

609 2431 816 2493 ubera
851 2450 1285 2493 mammarum
1320 2431 1391 2492 in
1425 2431 1668 2494 somnis
1703 2432 2025 2496 laetantia
2060 2438 2350 2509 quaeret.

612 2544 759 2617 post
788 2539 905 2602 ubi
936 2561 1120 2603 ecum
1149 2540 1413 2605 ualidae
1439 2541 1622 2605 uires
1649 2547 1864 2625 aetate
1894 2547 2155 2605 senecta

609 2650 1029 2727 membraque
1064 2650 1380 2713 deficiunt
1413 2650 1704 2729 fugienti
1737 2650 2059 2728 languida
2088 2650 2254 2727 uita,

611 2765 754 2821 tum
786 2759 1048 2822 demum
1080 2760 1324 2837 puerili
1356 2780 1519 2823 aeuo
1549 2760 1823 2823 florente
1857 2759 2168 2823 iuuentas

613 2867 852 2931 sufficit
883 2875 947 2932 et
977 2869 1160 2931 molli
1191 2868 1393 2932 uestit
1425 2869 1741 2946 lanugine
1774 2870 1999 2932 malas.

526 2998 694 3041 —ne
729 2977 904 3041 forte
938 2999 1016 3041 ex
1047 2978 1307 3041 homine
1342 2985 1406 3041 et
1437 2978 1741 3041 ueterino
1770 2979 2013 3043 semine
2048 2999 2363 3056 equorum

612 3086 878 3149 confieri
914 3088 1141 3150 credas
1180 3087 1545 3158 Centauros
1580 3107 1767 3165 posse
1802 3108 2014 3166 neque
2051 3107 2204 3165 esse,

1448 3193 1549 3243 DE
1598 3193 1892 3243 SCYLLA

612 3288 729 3345 aut
761 3280 1012 3344 rabidis
1044 3280 1317 3344 canibus
1348 3282 1715 3345 succinctas
1748 3282 2183 3345 semimarinis

543 3444 546 3448 .
612 3391 994 3469 corporibus
1028 3390 1282 3467 Scyllas
1315 3397 1380 3453 et
1413 3398 1630 3454 cetera
1664 3392 1744 3455 de
1775 3411 2010 3469 genere
2040 3392 2295 3468 horum,

611 3500 785 3562 inter
817 3520 882 3562 se
915 3520 1195 3577 quorum
1229 3499 1559 3563 discordia
1586 3502 1881 3563 membra
1911 3500 2216 3563 uidemus
2233 3526 2247 3576 ;

612 3630 778 3687 quae
807 3631 1018 3688 neque
1051 3611 1406 3672 florescunt
1437 3609 1693 3687 pariter
1724 3630 1842 3672 nec
1876 3611 2111 3672 robora
2144 3616 2413 3673 sumunt

612 3700 994 3797 corporibus
1026 3738 1238 3797 neque
1273 3718 1632 3797 proficiunt
1666 3724 1880 3782 aetate
1916 3725 2177 3782 senecta

633 3843 732 3892 881
753 3847 819 3893 ut
847 3859 959 3894 non
991 3843 1068 3894 sit
1096 3858 1229 3907 pars

631 3911 732 3959 885
753 3912 896 3972 vulg.
926 3911 1212 3963 lactantia

631 3979 732 4027 888
753 3979 896 4039 vulg.
925 3979 1110 4043 pueris

633 4046 733 4094 889
754 4046 922 4096 officit
987 4047 1130 4108 ναῖς.
1165 4047 1378 4111 occipit

633 4113 735 4163 896
754 4114 899 4174 vuly.
926 4112 1200 4177 proiciunt

1601 4181 1619 4233 [
1629 4184 1722 4224 194
1733 4182 1748 4231 ]

2836 700 2939 750 870

2836 1249 2939 1297 875

2832 1881 2933 1931 880

2831 2430 2931 2480 885

2829 2976 2927 3027 890

2826 3610 2921 3659 895
