3182 4602
1013 340 1116 390 DE
1152 339 1416 389 RERVM
1452 338 1762 388 NATVRA
1810 337 1887 388 1⁷1

427 574 560 617 nox
589 553 705 617 ubi
733 552 1018 617 terribili
1050 561 1264 618 terras
1295 553 1577 632 caligine
1607 554 1793 616 texit.

343 665 603 742 —quod
639 663 838 726 nimis
857 686 912 754 a
942 672 1165 726 uerast
1199 665 1390 742 longe
1426 663 1682 726 ratione
1718 669 2059 725 remotum.

429 774 678 853 quippe
712 773 827 836 ubi
859 775 957 836 sol
987 775 1244 836 nudum
1277 780 1699 836 contractans
1734 791 1973 850 corpus
2010 769 2207 849 aquai

428 903 562 946 non
595 883 839 962 quierit
872 883 1160 947 calidum
1192 903 1434 961 supera
1467 884 1546 945 de
1581 883 1856 945 reddere
1888 887 2099 959 parte,

429 1015 578 1056 cum
613 1013 927 1072 superum
961 995 1183 1057 lumen
1216 999 1405 1056 tanto
1441 991 1707 1056 feruore
1743 991 2037 1068 fruatur,

430 1104 546 1182 qui
577 1111 775 1181 queat
807 1103 913 1167 hic
944 1110 1175 1181 supter
1207 1109 1344 1166 tam
1378 1121 1597 1165 crasso
1628 1121 1899 1179 corpore
1930 1107 2181 1164 terram

430 1233 884 1292 perquoquere
916 1232 1209 1277 umorem
1243 1219 1308 1276 et
1341 1211 1556 1275 calido
1589 1211 1831 1274 satiare
1866 1213 2158 1288 uapore?

399 1323 822 1402 (praesertim
853 1344 1001 1386 cum
1031 1322 1148 1385 uix
1178 1322 1383 1400 possit
1415 1342 1535 1400 per
1563 1329 1796 1400 saepta
1826 1322 2168 1384 domorum

430 1433 769 1496 insinuare
801 1432 1231 1516 suum'radiis
1262 1432 1651 1496 ardentibus
1682 1432 1987 1507 aestum.)

345 1544 615 1622 —Quae
653 1542 888 1606 ratiost
926 1542 1176 1621 igitur?
1257 1535 1574 1604 nimirum
1613 1549 1794 1604 terra
1831 1541 2043 1619 magis
2079 1540 2255 1618 quod

431 1674 587 1716 rara
617 1630 799 1731 tepet
834 1653 1082 1716 circum
1117 1652 1370 1715 fontem
1403 1672 1602 1730 quam
1636 1658 1853 1715 cetera
1888 1651 2087 1714 tellus

430 1764 769 1841 multaque
801 1769 957 1825 sunt
989 1762 1162 1840 ignis
1192 1782 1398 1840 prope
1429 1762 1680 1824 semina
1709 1781 1950 1840 corpus
1980 1759 2195 1838 aquai.

316 1882 324 1891 ‘
430 1875 551 1936 hoc
586 1873 701 1936 ubi
735 1872 1039 1936 roriferis
1071 1879 1319 1936 terram
1355 1891 1485 1934 nox
1520 1871 1743 1934 obruit
1778 1870 2050 1948 umbriS,

432 1984 758 2062 extemplo
790 1983 1059 2061 penitus
1087 1982 1387 2060 frigescit
1419 1989 1603 2044 terra
1633 1981 1909 2058 coitque.

263 2084 270 2091 ’
349 2095 554 2156 ——hac
583 2094 839 2157 ratione
868 2093 944 2155 fit
971 2099 1068 2170 ut,
1099 2099 1437 2170 tamquam
1469 2111 1840 2170 compressa
1866 2111 2068 2154 manu
2099 2089 2204 2166 sit,

433 2203 761 2282 exprimat
793 2203 864 2265 in
895 2202 1148 2266 fontem
1181 2222 1346 2280 quae
1379 2202 1628 2264 semina
1661 2221 1936 2278 cumque
1968 2201 2166 2263 habet
2199 2199 2391 2277 ignis,

433 2336 599 2392 quae
629 2314 917 2377 calidum
949 2313 1211 2376 faciunt
1238 2313 1454 2376 laticis
1484 2320 1737 2375 tactum
1770 2318 1967 2389 atque
1996 2330 2330 2389 uaporem.

434 2425 586 2486 inde
623 2424 738 2487 ubi
771 2426 868 2487 sol
903 2423 1110 2486 radiis
1145 2431 1393 2486 terram
1429 2422 1711 2485 dimouit
1750 2424 2016 2484 obortus

434 2542 498 2598 et
531 2534 862 2612 rarefecit‚
899 2534 1114 2597 calido
1144 2533 1456 2596 miscente
1488 2552 1757 2609 uapore,

433 2665 665 2708 rursus
697 2644 766 2705 in
799 2644 1110 2721 antiquas
1139 2645 1420 2706 redeunt
1452 2640 1820 2721 primordia
1850 2642 2033 2704 sedes

434 2755 608 2832 ignis
639 2762 703 2817 et
734 2754 804 2815 in
835 2762 1083 2817 terram
1115 2754 1289 2816 cedit
1319 2754 1495 2816 calor
1529 2752 1739 2815 omnis
1770 2750 1985 2828 aquai.

349 2864 728 2942 —frigidus
758 2866 928 2926 hanc
960 2864 1038 2926 ob
1071 2883 1208 2924 rem
1239 2863 1315 2925 fit
1347 2863 1498 2925 fons
1529 2862 1601 2924 in
1631 2863 1774 2924 luce
1809 2861 2071 2923 diurna.

433 2982 777 3052 praeterea
813 2973 967 3036 solis
1003 2973 1210 3036 radiis
1245 2972 1532 3035 iactatur
1570 2971 1767 3049 aquai

434 3104 624 3147 umor
657 3091 722 3146 et
755 3084 826 3146 in
859 3084 1070 3145 lucem
1103 3083 1388 3145 tremulo
1421 3082 1695 3145 rarescit
1730 3083 1810 3145 ab
1847 3087 2066 3157 aestu3

435 3201 790 3273 propterea
817 3193 894 3255 fit
923 3193 1026 3256 uti
1057 3214 1222 3270 quae
1255 3193 1502 3255 semina
1533 3213 1810 3269 cumque
1840 3192 2038 3253 habet
2069 3189 2241 3267 ignis

437 3304 766 3381 dimittat;
801 3303 990 3380 quasi
1023 3322 1215 3379 saepe
1250 3302 1486 3379 gelum,
1521 3303 1698 3379 quod
1732 3301 2025 3364 continet
2058 3300 2128 3361 in
2160 3320 2245 3377 se,

435 3413 645 3477 mittit
678 3421 742 3476 et
778 3413 1025 3477 exoluit
1061 3412 1337 3491 glaciem
1368 3413 1700 3488 nodosque
1736 3412 2009 3473 relaxat.

925 3560 934 3567 .
976 3520 1063 3568 IN
1099 3518 1310 3582 AQVA
1347 3518 1671 3567 TAEDAM
1705 3517 2013 3566 ARDERE

562 3608 880 3687 Frigidus
912 3614 1008 3671 est
1042 3607 1239 3669 etiam
1273 3606 1442 3683 fons,
1476 3626 1681 3683 supra
1715 3626 1906 3682 quem
1938 3604 2067 3667 sita
2098 3624 2291 3683 saepe

457 3741 557 3791 858
580 3742 796 3792 soclare
865 3740 998 3801 fort.
1031 3739 1287 3789 foculare

457 3810 559 3858 864
580 3809 746 3858 undis
811 3809 912 3857 865
934 3808 1155 3858 sonitus
1221 3808 1355 3868 fort.
1387 3806 1554 3855 undis
1587 3805 1837 3855 aetheris
1871 3804 2153 3869 extemplo

459 3878 561 3926 870
581 3878 725 3937 vulg.
758 3876 1021 3941 gliscente
1752 3880 1755 3882 ’

1428 4110 1574 4161 [244]

2644 876 2754 926 855

2645 1425 2755 1475 860

2646 1976 2755 2026 865

2648 2527 2755 2577 870

2649 3077 2757 3127 875
