3182 4602
1233 903 1304 966 T.
1351 903 1749 967 LVCRETI
1798 902 2015 966 CARI

1010 1081 1162 1156 DE
1204 1080 1613 1156 RERVM
1651 1079 2125 1156 NATVRA

1319 1259 1526 1320 Lmna
1557 1257 1816 1320 Snx'rvs

686 1477 947 1540 Primae
986 1476 1372 1556 frugiparos
1412 1477 1593 1540 fetus
1630 1477 2019 1540 mortalibus
2060 1476 2278 1554 aegris

561 1585 951 1649 dididerunt
982 1588 1315 1663 quondam
1347 1587 1689 1665 praeclaro
1720 1587 1982 1650 nomine
2013 1587 2317 1648 Athenae

559 1702 625 1759 et
658 1703 1128 1759 recreauerunt
1161 1697 1372 1759 uitam
1405 1697 1707 1775 legesque
1741 1702 2084 1774 rogarunt,

561 1812 627 1869 et
656 1806 908 1884 primae
938 1806 1268 1870 dederunt
1298 1806 1539 1870 solacia
1569 1806 1792 1869 dulcia
1821 1806 2021 1883 uitae,

560 1937 710 1978 cum
738 1935 1021 1994 genuere
1051 1915 1276 1978 uirum
1307 1917 1428 1980 tali
1461 1937 1610 1979 cum
1641 1917 1834 1978 corde
1866 1923 2224 1994 repertum,

560 2025 779 2089 omnia
808 2025 1105 2088 ueridico
1133 2026 1247 2104 qui
1279 2027 1612 2104 quondam
1645 2047 1724 2089 ex
1754 2045 1865 2089 ore
1898 2024 2240 2104 profudit3

560 2135 747 2198 cuius
781 2142 846 2198 et
878 2135 1154 2198 extincti
1187 2143 1461 2214 propter
1495 2136 1731 2199 diuina
1761 2141 2027 2213 reperta

455 2255 460 2275 '
561 2245 904 2325 diuolgata
931 2252 1126 2309 uetus
1154 2245 1287 2309 iam
1316 2246 1400 2309 ad
1433 2247 1686 2309 caelum
1715 2245 1928 2323 gloria
1958 2243 2197 2308 fertur.

560 2377 714 2419 nam
745 2378 893 2419 cum
923 2356 1098 2419 uidit
1128 2356 1235 2418 hic
1267 2358 1352 2419 ad
1383 2356 1637 2419 uictum
1669 2375 1835 2432 quae
1867 2355 2127 2433 flagitat
2156 2375 2315 2417 usus

562 2466 780 2529 omnia
813 2466 944 2529 iam
977 2465 1186 2529 ferme
1219 2466 1609 2529 mortalibus
1643 2486 1777 2529 esse
1811 2472 2049 2543 parata

562 2583 644 2652 et,
682 2596 1004 2653 proquam
1038 2582 1321 2653 possent,
1356 2576 1568 2638 uitam
1601 2575 1953 2638 consistere
1986 2581 2222 2651 tutam,

563 2685 820 2748 diuitiis
853 2686 1146 2748 homines
1180 2690 1244 2748 et
1275 2685 1522 2749 honore
1557 2692 1623 2748 et
1654 2686 1849 2748 laude
1886 2683 2177 2762 potentis

562 2796 852 2858 adfluere
885 2801 1081 2872 atque
1113 2796 1284 2889 bona
1316 2803 1669 2873 gnatorum
1701 2795 2013 2857 excellere
2048 2793 2247 2870 fama,

561 2925 681 2967 nec
713 2905 933 2967 minus
967 2925 1100 2967 esse
1135 2905 1310 2967 domi
1344 2904 1652 2982 cuiquam
1684 2912 1906 2967 tamen
1940 2903 2140 2966 anxia
2173 2903 2391 2978 corda,

563 3021 760 3091 atque
796 3014 1001 3077 animi
1036 3014 1318 3092 ingratis
1351 3014 1563 3077 uitam
1597 3034 1839 3077 nexare
1875 3012 2185 3090 querellis

562 3144 773 3202 pausa
803 3129 1002 3201 atque
1034 3122 1298 3186 infestis
1332 3124 1512 3202 cogei
1543 3123 1799 3186 saeuire
1833 3122 2161 3199 querellis,

559 3234 888 3311 intellegit
922 3233 1014 3295 ibi
1046 3233 1291 3299 uitium
1321 3254 1442 3296 uas
1475 3232 1721 3295 efficere
1756 3232 1975 3310 ipsum

562 3344 909 3421 omniaque
941 3343 1124 3405 illius
1152 3342 1323 3405 uitio
1353 3342 1762 3419 corrumpier
1794 3342 1976 3404 intus

562 3473 728 3532 quae
759 3454 1020 3516 conlata
1052 3452 1216 3515 foris
1247 3459 1311 3515 et
1342 3453 1678 3515 commoda
1707 3471 1982 3528 cumque
2012 3450 2355 3527 uenirent3

563 3563 811 3641 partim
843 3564 1020 3641 quod
1052 3563 1305 3624 fluxum
1339 3568 1813 3639 pertusumque
1845 3582 1979 3624 esse
2014 3560 2305 3636 uidebat,

560 3679 639 3736 ut
671 3673 859 3736 nulla
894 3679 1109 3750 posset
1145 3671 1399 3734 ratione
1436 3670 1761 3748 explerier
1796 3691 2143 3748 umquam3

562 3783 812 3861 partim
846 3784 1022 3860 quod
1054 3788 1269 3845 taetro
1304 3780 1491 3858 quasi
1526 3800 1963 3857 conspurcare
1999 3800 2232 3857 sapore

619 3917 683 3964 11
705 3914 848 3976 vuly.
884 3917 1075 3979 posset

621 3984 687 4032 14
707 3982 864 4032 cordi
933 3981 1066 4042 fort.
1099 3981 1286 4031 cordis

622 4052 686 4099 15
707 4050 853 4109 vuly.
887 4049 1075 4105 <sine
1104 4048 1286 4105 ulla>

623 4118 689 4165 16
711 4116 846 4178 fort.
874 4129 1092 4165 causam

1552 4207 1699 4257 [214]

2814 2461 2874 2508 10

2812 3010 2873 3057 15

2808 3558 2869 3605 20
