3182 4602
975 399 1078 450 DE
1114 399 1380 450 RERVM
1415 399 1725 450 NATVRA
1764 399 1799 450 I

350 613 643 678 carmine
675 614 895 678 Pierio
926 615 1248 679 rationem
1281 635 1609 693 exponere
1636 622 1930 679 nostram

351 730 417 786 et
451 724 640 801 quasi
670 745 934 788 musaeo
965 725 1144 788 dulci
1179 725 1557 804 contingere
1589 726 1799 802 melle,

351 834 409 895 si
438 833 564 896 tibi
596 833 770 898 forte
802 834 1094 898 animum
1124 835 1247 898 tali
1277 835 1532 898 ratione
1564 841 1787 899 tenere

351 943 656 1007 uersibus
685 944 757 1006 in
785 944 1032 1007 nostris
1061 964 1331 1023 possem,
1365 946 1525 1008 dum
1555 944 1877 1023 perspicis
1909 963 2162 1007 omnem

352 1062 666 1117 naturam
699 1075 922 1118 rerum
957 1075 1088 1132 qua
1119 1060 1371 1118 constet
1404 1061 1668 1132 compta
1698 1055 1967 1132 figura.)
2564 1049 2667 1100 950

269 1244 363 1295 ΤΟ
395 1245 561 1295 ΠΑΝ
591 1245 959 1296 AIIEIPON:
996 1245 1091 1296 ΤΟ
1123 1246 1265 1296 ΓΑΡ
1296 1244 1935 1295 ΠΕΠΕΡΑΣΜΕΝΟΝ
1971 1244 2239 1295 ΑΚΡΟΝ
2274 1245 2462 1296 ΕΧΕΙ

393 1332 614 1396 —Sed
651 1333 961 1410 quoniam
998 1333 1192 1397 docui
1227 1334 1620 1397 solidissima
1656 1334 1959 1398 materiai

355 1462 633 1520 corpora
666 1450 991 1521 perpetuo
1021 1444 1303 1507 uolitare
1338 1443 1594 1507 inuicta
1627 1464 1746 1522 per
1781 1464 2028 1521 aeuom,

354 1573 532 1615 nunc
565 1573 704 1631 age,
737 1553 1015 1616 summai
1047 1555 1370 1631 quaedam
1402 1532 1502 1616 sit
1520 1553 1673 1616 finis
1705 1574 1930 1618 eorum

353 1673 716 1735 nec<ne>
757 1663 862 1739 sit,
898 1664 1314 1740 euoluamus3
1349 1663 1507 1727 item
1539 1665 1717 1741 quod
1750 1663 1945 1728 inane
1978 1670 2380 1742 repertumst

326 1772 470 1847 (seu
501 1773 683 1834 locus
711 1793 786 1835 ac
816 1772 1107 1850 spatium
1139 1793 1242 1836 res
1271 1773 1342 1834 in
1373 1793 1504 1850 quo
1532 1794 1829 1851 quaeque
1861 1773 2213 1852 gerantur)
2566 1771 2669 1821 955

355 1882 821 1959 peruideamus
854 1889 1082 1945 utrum
1115 1882 1378 1946 finitum
1413 1883 1725 1946 funditus
1759 1903 1947 1947 omne

355 1997 608 2055 constet
640 2013 727 2055 an
759 1992 1148 2056 immensum
1179 1999 1406 2070 pateat
1437 2000 1754 2070 uasteque
1788 1992 2220 2071 profundum.

483 2270 706 2360 Omne,
727 2272 901 2349 quod
936 2277 1033 2336 est
1069 2271 1277 2351 igitur
1310 2273 1497 2336 nulla
1530 2272 1796 2351 regione
1828 2271 2092 2337 uiarum

354 2380 717 2457 finitumst3
756 2402 1037 2459 namque
1077 2389 1441 2454 extremum
1482 2383 1758 2446 debebat
1793 2383 2051 2446 habere.

357 2498 723 2554 extremum
753 2512 952 2569 porro
982 2492 1234 2555 nullius
1266 2512 1451 2570 posse
1482 2492 1756 2555 uidetur
2566 2489 2668 2539 960

356 2620 508 2677 esse,
541 2600 673 2662 nisi
704 2602 887 2664 ultra
920 2601 1006 2664 sit
1039 2603 1214 2679 quod
1247 2602 1472 2678 finiat3
1507 2609 1585 2665 ut
1616 2602 1929 2665 uideatur

356 2730 482 2787 quo
513 2730 649 2772 non
679 2711 940 2789 longius
969 2713 1127 2775 haec
1157 2732 1384 2775 sensus
1415 2718 1661 2775 natura
1692 2719 2027 2789 sequatur.

355 2804 532 2883 nunc
566 2827 754 2883 extra
789 2840 1107 2883 summam
1143 2821 1453 2898 quoniam
1486 2821 1656 2884 nihil
1690 2842 1823 2884 esse
1860 2821 2227 2899 fatendum,

354 2950 487 2993 non
515 2930 714 2993 habet
744 2936 1127 3007 extremum,
1161 2938 1341 2994 caret
1372 2952 1529 3009 ergo
1556 2931 1685 2994 fine
1716 2932 2055 3009 modoque.

354 3060 472 3103 nec
502 3039 715 3103 refert
745 3040 986 3117 quibus
1014 3040 1293 3104 adsistas
1324 3040 1703 3118 regionibus
1734 3041 1906 3118 eius3
1963 3027 1967 3032 ⁸
2566 3039 2668 3088 965

355 3169 561 3227 usque
592 3151 772 3227 ade0,
807 3170 998 3227 quem
1031 3150 1305 3228 quisque
1334 3152 1548 3213 locum
1581 3151 1889 3228 possedit,
1925 3151 1995 3212 in
2028 3151 2236 3213 omnis

355 3260 751 3322 tantundem
787 3259 1000 3337 partis
1037 3259 1372 3322 infinitum
1408 3280 1597 3323 omne
1634 3260 1971 3337 relinquit.

355 3376 699 3445 praeterea
729 3369 785 3430 si
816 3369 950 3432 iam
979 3369 1244 3432 finitum
1275 3369 1722 3432 constituatur

358 3497 542 3539 omne
574 3479 748 3555 quod
782 3486 880 3542 est
909 3478 1220 3557 spatium,
1251 3478 1461 3556 siquis
1489 3485 1843 3556 procurrat
1876 3480 1961 3543 ad
1994 3499 2142 3542 oras

356 3587 633 3650 ultimus
661 3595 984 3651 extremas
1012 3588 1339 3666 iaciatque
1369 3588 1641 3651 uolatile
1674 3590 1898 3665 telum,
2566 3587 2668 3637 970

359 3695 427 3757 id
460 3696 706 3759 ualidis
740 3703 968 3760 utrum
1002 3704 1375 3762 contortum
1409 3697 1669 3760 uiribus
1703 3698 1800 3761 ire

361 3826 485 3884 quo
515 3805 725 3869 fuerit
751 3806 1021 3869 missum
1049 3807 1261 3870 mauis
1288 3808 1611 3885 longeque
1638 3808 1883 3884 uolare,

360 3936 444 3978 an
479 3916 827 3994 prohibere
864 3916 1114 3993 aliquid
1151 3936 1370 3979 censes
1406 3917 1794 3995 obstareque
1829 3921 2058 3995 posse?

365 4046 478 4097 972
499 4046 684 4097 mavis
712 4049 946 4107 suspect.

1366 4176 1479 4227 [33]
