3182 4602
1119 427 1222 477 DE
1257 426 1522 477 RERVM
1559 426 1869 477 NATVBA
1909 425 1995 475 IV

532 662 651 705 nec
684 649 960 720 possunt
992 642 1165 704 oculi
1195 649 1506 705 naturam
1537 662 1802 705 noscere
1836 662 2076 705 rerum.
2745 638 2848 687 385

447 751 813 830 —proinde
847 751 1051 815 animi
1084 751 1327 814 uitium
1358 753 1479 815 hoc
1513 751 1721 814 oculis
1754 750 2089 830 adfingere
2122 751 2277 815 noli.

1429 858 1529 907 DE
1574 858 1755 907 VISV

534 967 666 1025 qua
698 947 1004 1011 uehimur
1035 946 1215 1023 naui,
1251 946 1490 1024 fertur,
1527 968 1676 1010 cum
1710 954 1887 1011 stare
1920 947 2226 1023 uidetur;

534 1076 700 1134 quae
729 1063 950 1119 manet
982 1057 1054 1118 in
1084 1056 1387 1134 statione,
1421 1078 1497 1121 ea
1529 1064 1796 1135 praeter
1826 1057 2123 1120 creditur
2156 1056 2272 1120 ire.

533 1172 596 1229 et
630 1165 864 1243 fugere
896 1167 980 1229 ad
1013 1166 1295 1246 puppim
1329 1168 1522 1229 colles
1554 1166 1901 1244 campique
1933 1166 2253 1230 uidentur
2324 1205 2329 1211 -

532 1295 696 1353 quos
725 1275 980 1353 agimus
1010 1282 1276 1353 praeter
1306 1296 1544 1338 nauem
1574 1277 1870 1353 uelisque
1902 1277 2220 1339 uolamus.
2748 1273 2852 1322 390

529 1385 752 1448 sidera
785 1405 1034 1449 cessare
1069 1385 1378 1449 aetheriis
1413 1386 1633 1449 adfixa
1667 1385 1971 1450 cauernis

532 1500 771 1558 cuncta
804 1494 1142 1571 uidentur,
1178 1502 1243 1557 et
1278 1495 1557 1558 adsiduo
1589 1501 1747 1558 sunt
1782 1496 2000 1559 omnia
2034 1500 2236 1571 motu,

531 1604 1064 1682 quandoquidem
1101 1605 1328 1683 longos
1367 1605 1584 1668 obitus
1623 1612 1850 1669 exorta
1886 1604 2209 1681 reuisunt,

531 1734 680 1776 cum
715 1734 1060 1792 permensa
1091 1734 1208 1777 suo
1243 1722 1399 1777 sunt
1434 1716 1687 1778 caelum
1722 1735 1993 1793 corpore
2028 1716 2224 1777 claro.

529 1824 754 1902 solque
786 1823 936 1902 pari
966 1824 1222 1887 ratione
1255 1845 1519 1889 manere
1553 1832 1619 1888 et
1650 1826 1814 1887 luna
1844 1825 2116 1888 uidetur
2744 1822 2851 1871 395

530 1933 601 1994 in
632 1933 1100 2011 statione‚—ea
1131 1954 1298 2011 quae
1332 1934 1500 1995 ferri
1532 1954 1637 1996 res
1670 1934 1922 1997 indicat
1957 1934 2120 2012 ipsa.

531 2050 792 2106 exstant
827 2064 1034 2121 usque
1070 2045 1304 2121 procul
1339 2044 1556 2107 medio
1588 2045 1671 2107 de
1709 2044 1973 2121 gurgite
2009 2043 2269 2120 montis,

529 2152 844 2245 classibus
877 2152 1053 2216 inter
1088 2174 1250 2232 quos
1281 2154 1448 2217 liber
1483 2160 1669 2232 patet
1702 2154 1919 2216 exitus
1951 2153 2203 2231 ingens,

529 2250 1147 2326 insula'coniunctis
1177 2270 1398 2328 tamen
1431 2286 1509 2328 ex
1537 2264 1641 2326 his
1670 2284 1807 2328 una
1837 2263 2127 2328 uidetur.

529 2373 704 2436 atria
734 2374 990 2436 uersari
1021 2380 1085 2436 et
1117 2374 1633 2438 circumcursare
1666 2375 2004 2437 columnae
2743 2372 2851 2421 400

528 2503 736 2560 usque
770 2484 933 2546 adeo
965 2483 1042 2546 fit
1075 2483 1179 2546 uti
1214 2484 1440 2561 pueris
1471 2484 1852 2560 uideantur,
1889 2483 2005 2546 ubi
2039 2483 2169 2561 ipsi

530 2591 867 2655 desierunt
900 2593 1096 2670 uerti,
1130 2593 1249 2655 uix
1282 2601 1359 2656 ut
1395 2593 1525 2656 iam
1561 2594 1825 2656 credere
1862 2593 2114 2670 possint

529 2720 661 2763 11011
690 2722 895 2778 supra
923 2723 1057 2766 sese
1087 2723 1279 2766 ruere
1311 2703 1527 2765 omnia
1556 2710 1733 2766 tecta
1761 2703 2023 2765 minari.

527 2810 788 2888 iamque
822 2813 1099 2874 rubrum
1133 2812 1433 2874 tremulis
1467 2813 1661 2875 iubar
1696 2812 1959 2888 ignibus
1994 2811 2244 2889 erigere
2279 2813 2410 2875 alte

528 2941 678 2983 cum
713 2927 974 2999 coeptat
1009 2928 1256 2985 natura
1289 2943 1623 2999 supraque
1660 2922 1969 2984 extollere
2004 2927 2275 2998 monteS,
2740 2919 2848 2968 405

530 3050 692 3107 quos
724 3030 816 3092 ibi
847 3037 990 3093 tum
1023 3052 1230 3109 supra
1260 3033 1356 3094 sol
1386 3032 1630 3094 montis
1660 3051 1794 3093 0330
1829 3031 2101 3093 uidetur

529 3139 890 3202 comminus
923 3140 1062 3218 ipse
1097 3161 1213 3203 suo
1248 3119 1635 3219 contingens
1669 3140 1976 3203 feruidus
2009 3139 2168 3218 igni,

527 3249 645 3310 uix
677 3249 918 3312 absunt
951 3249 1136 3312 nobis
1168 3250 1402 3312 missus
1433 3250 1534 3318 bis
1565 3251 1743 3313 mille
1776 3249 2078 3327 sagittae,

528 3358 646 3419 uix
681 3358 879 3422 etiam
913 3379 1144 3421 cursus
1178 3359 1572 3437 quingentos
1606 3381 1799 3437 saepe
1834 3359 2091 3422 ueruti:

528 3467 704 3529 inter
737 3487 841 3530 003
873 3468 1198 3545 solemque
1230 3468 1444 3532 iacent
1477 3469 1791 3532 immania
1824 3469 2013 3546 ponti
2741 3467 2843 3516 410

529 3595 816 3653 aequora
849 3579 1182 3639 substrata
1220 3578 1527 3640 aetheriis
1563 3577 1945 3655 ingentibus
1981 3577 2131 3654 oris,

528 3685 1002 3763 interiectaque
1035 3694 1191 3749 sunt
1224 3694 1554 3749 terrarum
1586 3687 1771 3750 milia
1803 3688 2013 3750 multa

528 3815 695 3872 quae
726 3795 954 3859 uariae
984 3796 1274 3859 retinent
1308 3804 1532 3874 gentes
1564 3804 1628 3860 et
1661 3797 1873 3860 saecla
1905 3796 2222 3860 ferarum.

549 3926 651 3975 386
672 3927 807 3988 fort.
838 3926 1077 3991 adfigere

548 3994 650 4043 395
671 3994 814 4054 vulg).
852 3993 1107 4045 videntur

549 4061 650 4110 39¹7
672 4061 1066 4126 exstantisque

548 4128 651 4177 406
671 4129 771 4179 ubi
839 4129 983 4191 ναῖς.
1016 4130 1129 4180 tibi

1515 4197 1634 4249 [132
1648 4197 1663 4248 ]
