3182 4602
1065 429 1167 478 DE
1203 428 1468 478 RERVM
1503 427 1813 477 NATVRA
1861 426 1940 476 1⁷1

477 650 554 707 ut
585 665 751 707 caua
781 644 1178 707 conueniant
1211 643 1425 722 plenis
1455 645 1615 706 haec
1647 641 1827 705 illius
1860 641 1975 704 illa
2658 635 2821 720 1085,

476 753 803 831 huiusque
841 753 1017 816 inter
1052 773 1137 830 se,
1175 753 1487 816 iunctura
1522 754 1683 816 haec
1720 751 1969 830 optima
2006 756 2281 814 constat.

477 871 576 926 est
609 863 826 940 etiam,
858 862 1046 941 quasi
1080 869 1156 926 ut
1189 863 1422 926 anellis
1452 862 1791 939 hamisque
1825 861 2073 939 plicata

477 973 655 1037 inter
686 993 754 1037 se
788 974 1110 1051 quaedam
1146 972 1399 1051 possint
1433 973 1696 1050 coplata
1730 970 1977 1048 teneri;

475 1084 655 1162 quod
688 1083 898 1161 magis
933 1082 1003 1144 in
1038 1082 1260 1160 lapide
1295 1083 1415 1145 hoc
1448 1081 1593 1143 fieri
1631 1080 1938 1158 ferroque
1973 1079 2263 1143 uidetur.

958 1443 1468 1493 PESTILENTIA
1508 1442 1723 1491 VNDE
1764 1441 2116 1512 OREATVR

603 1532 797 1595 Nunc
834 1532 1008 1595 ratio
1041 1553 1208 1610 quae
1243 1532 1329 1594 sit
1364 1532 1609 1595 morbis
1646 1538 1762 1595 aut
1798 1531 1976 1594 unde
2012 1536 2283 1608 repente
2657 1524 2801 1574 1090

478 1641 892 1705 mortiferam
926 1641 1415 1720 possit-cladem
1447 1640 1731 1705 conflare
1764 1647 1987 1704 coorta

477 1751 778 1815 morbida
814 1751 918 1814 uis
955 1751 1293 1814 hominum
1334 1751 1559 1829 generi
1598 1751 2055 1829 pecudumque
2094 1748 2398 1826 cateruis,

475 1862 842 1941 expediam.

856 1970 1154 2034 Primum
1187 1972 1549 2034 multarum
1585 1969 1833 2032 semina
1867 1990 2091 2032 rerum

477 2101 613 2144 esse
649 2102 857 2160 supra
891 2080 1082 2143 docui
1119 2100 1286 2158 quae
1323 2080 1457 2143 sint
1493 2079 1734 2143 uitalia
1766 2079 1973 2156 nobi.S,

480 2199 544 2255 et
579 2197 808 2254 contra
842 2211 1008 2268 quae
1041 2190 1175 2252 sint
1208 2192 1435 2253 morbo
1465 2189 1793 2266 mortique
1826 2195 2145 2252 necessest
2658 2184 2801 2233 1095

478 2303 691 2365 multa
721 2301 966 2364 uolare.
1044 2321 1119 2364 ea
1153 2322 1301 2364 cum
1334 2321 1491 2363 casu
1521 2307 1679 2377 sunt
1714 2298 1889 2362 forte
1923 2305 2145 2362 coorta

479 2419 544 2475 et
579 2413 1062 2490 perturbarunt
1096 2412 1367 2487 caelum,
1403 2410 1478 2473 fit
1511 2410 1852 2472 morbidus
1888 2430 2019 2472 aer.

479 2528 676 2599 atque
711 2542 785 2584 ea
819 2520 923 2583 uis
957 2520 1166 2583 omnis
1199 2522 1575 2583 morborum
1610 2519 2065 2598 pestilitasque

479 2638 596 2693 aut
630 2630 1034 2694 extrinsecus
1066 2639 1154 2694 ut.
1175 2632 1383 2693 nubes
1413 2630 1819 2708 nebulaeque
1852 2644 2135 2706 superne

479 2761 598 2819 per
632 2742 883 2803 caelum
915 2740 1216 2816 ueniunt,
1253 2746 1369 2803 aut
1403 2740 1548 2817 ipsa
1582 2759 1775 2818 saepe
1811 2746 2033 2802 coorta
2658 2734 2800 2783 1100

480 2851 560 2913 de
592 2857 772 2913 terra
804 2857 1108 2928 surgunt,
1139 2850 1254 2912 ubi
1286 2857 1590 2928 putorem
1620 2848 1848 2925 umida
1877 2853 2136 2911 nactast

479 2960 964 3038 intempestiuis
997 2960 1374 3038 pluuiisque
1411 2965 1475 3021 et
1509 2959 1755 3022 solibus
1790 2959 1939 3021 icta.

393 3091 695 3133 —nonne
730 3071 920 3133 uides
953 3070 1149 3133 etiam
1187 3070 1350 3133 caeli
1385 3070 1685 3132 nouitate
1720 3075 1784 3132 et
1822 3089 2147 3145 aquarum

477 3179 794 3257 temptari
828 3181 1061 3258 procul
1093 3200 1131 3242 a
1165 3179 1387 3258 patria
1423 3178 1817 3256 quicumque
1854 3179 2171 3254 domoque
2570 3263 2574 3267 ῃ

480 3289 850 3352 adueniunt
886 3288 1032 3351 ideo
1067 3289 1223 3366 quia
1255 3289 1446 3366 longe
1478 3286 1917 3365 discrepitant
1953 3290 2099 3349 res?
2658 3282 2802 3332 1105

446 3399 633 3475 (nam
668 3398 829 3475 quid
867 3398 1244 3461 Brittannis
1281 3399 1532 3461 caelum
1569 3397 1837 3459 differre
1874 3401 2206 3475 putamUS‚

479 3516 544 3571 et
579 3510 753 3585 quod
788 3508 858 3569 in
892 3508 1202 3586 Aegypto
1236 3514 1332 3570 est
1367 3528 1499 3585 qua
1530 3506 1766 3569 mundi
1798 3506 2129 3569 claudicat
2166 3504 2347 3569 axis?

479 3618 726 3695 quidue
759 3618 934 3695 quod
965 3617 1037 3678 in
1069 3617 1284 3680 Ponto
1315 3623 1411 3680 est
1443 3616 1734 3693 differre,
1770 3623 1834 3678 et
1869 3616 2163 3679 Gadibus
2198 3622 2395 3692 atque

478 3748 684 3805 usque
716 3729 801 3791 ad
830 3726 1028 3805 nigra
1056 3726 1278 3789 uirum
1312 3732 1617 3805 percocto
1645 3725 1858 3789 saecla
1888 3727 2101 3788 colore
2118 3726 2175 3801 ¹3)

479 3857 646 3916 quae
680 3858 828 3900 cum
861 3844 1177 3914 quattuor
1210 3836 1385 3922 inter
1415 3856 1481 3899 se
1515 3835 1781 3898 diuersa
1810 3834 2113 3898 uidemus
2659 3830 2804 3880 1110

480 3954 796 4024 quattuor
834 3968 874 4009 a
906 3946 1125 4009 uentis
1161 3952 1225 4009 et
1260 3944 1424 4009 caeli
1460 3944 1767 4023 partibus
1801 3964 1954 4021 esse,

477 4064 624 4119 tum
659 4057 834 4119 color
870 4061 934 4117 et
970 4055 1173 4118 facies
1204 4054 1544 4117 hominum
1578 4053 1827 4116 distare
1863 4052 2181 4116 uidentur

1470 4194 1617 4246 [252]
