<?xml version="1.0" encoding="UTF-8"?>
<!DOCTYPE html PUBLIC "-//W3C//DTD XHTML 1.0 Transitional//EN"
    "http://www.w3.org/TR/xhtml1/DTD/xhtml1-transitional.dtd">
<html xmlns="http://www.w3.org/1999/xhtml" xml:lang="en" lang="en">
 <head>
  <title>
</title>
<meta http-equiv="Content-Type" content="text/html;charset=utf-8" />
  <meta name='ocr-system' content='tesseract 3.04.00' />
  <meta name='ocr-capabilities' content='ocr_page ocr_carea ocr_par ocr_line ocrx_word'/>
</head>
<body>
  <div class='ocr_page' id='page_1' title='image "./lvcretiderervmn00unkngoog_0024.png"; bbox 0 0 3182 4602; ppageno 0'>
   <div class='ocr_carea' id='block_1_1' title="bbox 1182 360 2003 411">
    <p class='ocr_par' dir='ltr' id='par_1_1' title="bbox 1182 360 2003 411">
     <span class='ocr_line' id='line_1_1' title="bbox 1182 360 2003 411; baseline 0.001 -2"><span class='ocrx_word' id='word_1_1' title='bbox 1182 361 1284 409; x_wconf 87' lang='lat' dir='ltr'><strong>DE</strong></span> <span class='ocrx_word' id='word_1_2' title='bbox 1321 360 1584 410; x_wconf 80' lang='lat' dir='ltr'><strong><em>RERVM</em></strong></span> <span class='ocrx_word' id='word_1_3' title='bbox 1620 360 1928 411; x_wconf 73' lang='lat' dir='ltr'><strong><em>NATVRA</em></strong></span> <span class='ocrx_word' id='word_1_4' title='bbox 1970 361 2003 410; x_wconf 93' lang='lat' dir='ltr'><em>I</em></span> 
     </span>
    </p>
   </div>
   <div class='ocr_carea' id='block_1_2' title="bbox 466 575 2465 3839">
    <p class='ocr_par' dir='ltr' id='par_1_2' title="bbox 546 575 2349 1424">
     <span class='ocr_line' id='line_1_2' title="bbox 547 575 2196 654; baseline 0.002 -17"><span class='ocrx_word' id='word_1_5' title='bbox 547 575 723 638; x_wconf 89' lang='lat' dir='ltr'><strong>unde</strong></span> <span class='ocrx_word' id='word_1_6' title='bbox 757 596 936 639; x_wconf 89' lang='lat' dir='ltr'><strong>mare</strong></span> <span class='ocrx_word' id='word_1_7' title='bbox 970 575 1282 653; x_wconf 85' lang='lat' dir='ltr'>ingenuei</span> <span class='ocrx_word' id='word_1_8' title='bbox 1314 575 1534 638; x_wconf 83' lang='lat' dir='ltr'><strong>fontes</strong></span> <span class='ocrx_word' id='word_1_9' title='bbox 1568 581 1971 654; x_wconf 81' lang='lat' dir='ltr'><strong>externaque</strong></span> <span class='ocrx_word' id='word_1_10' title='bbox 2004 576 2196 654; x_wconf 87' lang='lat' dir='ltr'><strong>longe</strong></span> 
     </span>
     <span class='ocr_line' id='line_1_3' title="bbox 548 684 2349 765; baseline 0.001 -19"><span class='ocrx_word' id='word_1_11' title='bbox 548 684 824 748; x_wconf 90' lang='lat' dir='ltr'><strong>flumina</strong></span> <span class='ocrx_word' id='word_1_12' title='bbox 855 686 1334 764; x_wconf 71' lang='lat' dir='ltr'><strong>suppeditant?</strong></span> <span class='ocrx_word' id='word_1_13' title='bbox 1367 687 1545 749; x_wconf 92' lang='lat' dir='ltr'><strong>unde</strong></span> <span class='ocrx_word' id='word_1_14' title='bbox 1581 684 1807 750; x_wconf 84' lang='lat' dir='ltr'><strong>aether</strong></span> <span class='ocrx_word' id='word_1_15' title='bbox 1841 685 2061 749; x_wconf 89' lang='lat' dir='ltr'><strong>sidera</strong></span> <span class='ocrx_word' id='word_1_16' title='bbox 2094 685 2349 765; x_wconf 72' lang='lat' dir='ltr'><strong>pascit?</strong></span> 
     </span>
     <span class='ocr_line' id='line_1_4' title="bbox 549 795 2240 874; baseline -0.001 -17"><span class='ocrx_word' id='word_1_17' title='bbox 549 795 767 858; x_wconf 88' lang='lat' dir='ltr'><strong>omnia</strong></span> <span class='ocrx_word' id='word_1_18' title='bbox 800 795 975 858; x_wconf 90' lang='lat' dir='ltr'><strong>enim</strong></span> <span class='ocrx_word' id='word_1_19' title='bbox 1008 796 1219 872; x_wconf 86' lang='lat' dir='ltr'><strong>debet,</strong></span> <span class='ocrx_word' id='word_1_20' title='bbox 1255 795 1522 859; x_wconf 85' lang='lat' dir='ltr'><strong>mortali</strong></span> <span class='ocrx_word' id='word_1_21' title='bbox 1556 816 1829 874; x_wconf 89' lang='lat' dir='ltr'><strong>corpore</strong></span> <span class='ocrx_word' id='word_1_22' title='bbox 1864 816 2031 873; x_wconf 88' lang='lat' dir='ltr'><strong>quae</strong></span> <span class='ocrx_word' id='word_1_23' title='bbox 2064 801 2240 872; x_wconf 89' lang='lat' dir='ltr'><strong>sunt,</strong></span> 
     </span>
     <span class='ocr_line' id='line_1_5' title="bbox 547 882 2111 984; baseline 0.001 -17"><span class='ocrx_word' id='word_1_24' title='bbox 547 904 811 968; x_wconf 88' lang='lat' dir='ltr'><strong>infinita</strong></span> <span class='ocrx_word' id='word_1_25' title='bbox 845 911 1027 968; x_wconf 90' lang='lat' dir='ltr'><strong>aetas</strong></span> <span class='ocrx_word' id='word_1_26' title='bbox 1061 925 1445 984; x_wconf 82' lang='lat' dir='ltr'><strong>consumpse</strong></span> <span class='ocrx_word' id='word_1_27' title='bbox 1484 882 1793 969; x_wconf 73' lang='lat' dir='ltr'><strong>anteacta</strong></span> <span class='ocrx_word' id='word_1_28' title='bbox 1822 906 2111 984; x_wconf 84' lang='lat' dir='ltr'><strong>diesque.</strong></span> 
     </span>
     <span class='ocr_line' id='line_1_6' title="bbox 549 1015 2295 1093; baseline 0.002 -16"><span class='ocrx_word' id='word_1_29' title='bbox 549 1015 726 1093; x_wconf 82' lang='lat' dir='ltr'><strong>quod</strong></span> <span class='ocrx_word' id='word_1_30' title='bbox 754 1015 810 1077; x_wconf 92' lang='lat' dir='ltr'><strong>si</strong></span> <span class='ocrx_word' id='word_1_31' title='bbox 839 1015 911 1076; x_wconf 93' lang='lat' dir='ltr'><strong>in</strong></span> <span class='ocrx_word' id='word_1_32' title='bbox 943 1035 1017 1079; x_wconf 90' lang='lat' dir='ltr'><strong>eo</strong></span> <span class='ocrx_word' id='word_1_33' title='bbox 1046 1015 1266 1093; x_wconf 91' lang='lat' dir='ltr'><strong>spatio</strong></span> <span class='ocrx_word' id='word_1_34' title='bbox 1293 1021 1491 1093; x_wconf 91' lang='lat' dir='ltr'><strong>atque</strong></span> <span class='ocrx_word' id='word_1_35' title='bbox 1523 1023 1830 1080; x_wconf 89' lang='lat' dir='ltr'><strong>anteacta</strong></span> <span class='ocrx_word' id='word_1_36' title='bbox 1858 1021 2073 1080; x_wconf 89' lang='lat' dir='ltr'><strong>aetate</strong></span> <span class='ocrx_word' id='word_1_37' title='bbox 2104 1015 2295 1080; x_wconf 80' lang='lat' dir='ltr'><strong>fuere</strong></span> 
     </span>
     <span class='ocr_line' id='line_1_7' title="bbox 548 1125 2229 1202; baseline 0.001 -16"><span class='ocrx_word' id='word_1_38' title='bbox 548 1144 581 1186; x_wconf 94' lang='lat' dir='ltr'><strong>e</strong></span> <span class='ocrx_word' id='word_1_39' title='bbox 616 1125 857 1202; x_wconf 90' lang='lat' dir='ltr'><strong>quibus</strong></span> <span class='ocrx_word' id='word_1_40' title='bbox 887 1125 1047 1188; x_wconf 92' lang='lat' dir='ltr'><strong>haec</strong></span> <span class='ocrx_word' id='word_1_41' title='bbox 1079 1145 1302 1189; x_wconf 91' lang='lat' dir='ltr'><strong>rerum</strong></span> <span class='ocrx_word' id='word_1_42' title='bbox 1337 1125 1637 1188; x_wconf 82' lang='lat' dir='ltr'><strong>consistit</strong></span> <span class='ocrx_word' id='word_1_43' title='bbox 1671 1146 1925 1190; x_wconf 88' lang='lat' dir='ltr'><strong>summa</strong></span> <span class='ocrx_word' id='word_1_44' title='bbox 1960 1125 2229 1202; x_wconf 80' lang='lat' dir='ltr'><strong>refecta,</strong></span> 
     </span>
     <span class='ocr_line' id='line_1_8' title="bbox 549 1233 1927 1313; baseline 0.003 -18"><span class='ocrx_word' id='word_1_45' title='bbox 549 1233 886 1298; x_wconf 85' lang='lat' dir='ltr'><strong>inmortali</strong></span> <span class='ocrx_word' id='word_1_46' title='bbox 918 1242 1075 1298; x_wconf 91' lang='lat' dir='ltr'><strong>sunt</strong></span> <span class='ocrx_word' id='word_1_47' title='bbox 1109 1242 1355 1298; x_wconf 87' lang='lat' dir='ltr'><strong>natura</strong></span> <span class='ocrx_word' id='word_1_48' title='bbox 1390 1235 1700 1313; x_wconf 89' lang='lat' dir='ltr'><strong>praedita</strong></span> <span class='ocrx_word' id='word_1_49' title='bbox 1734 1243 1927 1313; x_wconf 89' lang='lat' dir='ltr'><strong>certe,</strong></span> 
     </span>
     <span class='ocr_line' id='line_1_9' title="bbox 546 1343 2283 1424; baseline 0.002 -20"><span class='ocrx_word' id='word_1_50' title='bbox 546 1343 728 1407; x_wconf 89' lang='lat' dir='ltr'><strong>haud</strong></span> <span class='ocrx_word' id='word_1_51' title='bbox 763 1345 972 1422; x_wconf 85' lang='lat' dir='ltr'><strong>igitur</strong></span> <span class='ocrx_word' id='word_1_52' title='bbox 1005 1351 1282 1424; x_wconf 88' lang='lat' dir='ltr'><strong>possunt</strong></span> <span class='ocrx_word' id='word_1_53' title='bbox 1318 1346 1403 1409; x_wconf 90' lang='lat' dir='ltr'><strong>ad</strong></span> <span class='ocrx_word' id='word_1_54' title='bbox 1437 1345 1652 1408; x_wconf 89' lang='lat' dir='ltr'><strong>nilum</strong></span> <span class='ocrx_word' id='word_1_55' title='bbox 1687 1365 1982 1424; x_wconf 88' lang='lat' dir='ltr'><strong>quaeque</strong></span> <span class='ocrx_word' id='word_1_56' title='bbox 2015 1345 2283 1408; x_wconf 90' lang='lat' dir='ltr'><strong>reuerti.</strong></span> 
     </span>
    </p>

    <p class='ocr_par' dir='ltr' id='par_1_3' title="bbox 466 1454 2343 2082">
     <span class='ocr_line' id='line_1_10' title="bbox 466 1454 2204 1533; baseline 0.001 -17"><span class='ocrx_word' id='word_1_57' title='bbox 466 1454 832 1532; x_wconf 84' lang='lat' dir='ltr'><strong>—denique</strong></span> <span class='ocrx_word' id='word_1_58' title='bbox 865 1475 970 1518; x_wconf 89' lang='lat' dir='ltr'><strong>res</strong></span> <span class='ocrx_word' id='word_1_59' title='bbox 1002 1455 1212 1517; x_wconf 89' lang='lat' dir='ltr'><strong>omnis</strong></span> <span class='ocrx_word' id='word_1_60' title='bbox 1247 1457 1471 1518; x_wconf 89' lang='lat' dir='ltr'><strong>eadem</strong></span> <span class='ocrx_word' id='word_1_61' title='bbox 1504 1455 1610 1518; x_wconf 88' lang='lat' dir='ltr'><strong>uis</strong></span> <span class='ocrx_word' id='word_1_62' title='bbox 1645 1476 1971 1533; x_wconf 82' lang='lat' dir='ltr'><strong>causaque</strong></span> <span class='ocrx_word' id='word_1_63' title='bbox 2004 1457 2204 1533; x_wconf 87' lang='lat' dir='ltr'><strong>uolgo</strong></span> 
     </span>
     <span class='ocr_line' id='line_1_11' title="bbox 550 1563 2012 1641; baseline 0.001 -15"><span class='ocrx_word' id='word_1_64' title='bbox 550 1563 913 1641; x_wconf 89' lang='lat' dir='ltr'><strong>conficeret,</strong></span> <span class='ocrx_word' id='word_1_65' title='bbox 948 1565 1078 1626; x_wconf 87' lang='lat' dir='ltr'><strong>nisi</strong></span> <span class='ocrx_word' id='word_1_66' title='bbox 1112 1565 1418 1628; x_wconf 88' lang='lat' dir='ltr'><strong>materies</strong></span> <span class='ocrx_word' id='word_1_67' title='bbox 1454 1571 1725 1628; x_wconf 89' lang='lat' dir='ltr'><strong>aeterna</strong></span> <span class='ocrx_word' id='word_1_68' title='bbox 1758 1571 2012 1628; x_wconf 90' lang='lat' dir='ltr'><strong>teneret</strong></span> 
     </span>
     <span class='ocr_line' id='line_1_12' title="bbox 549 1658 2163 1763; baseline 0.002 -29"><span class='ocrx_word' id='word_1_69' title='bbox 549 1673 725 1763; x_wconf 80' lang='lat' dir='ltr'><strong>inter</strong></span> <span class='ocrx_word' id='word_1_70' title='bbox 756 1694 822 1738; x_wconf 91' lang='lat' dir='ltr'><strong>se</strong></span> <span class='ocrx_word' id='word_1_71' title='bbox 853 1695 1062 1738; x_wconf 87' lang='lat' dir='ltr'><strong>nexus</strong></span> <span class='ocrx_word' id='word_1_72' title='bbox 1091 1675 1312 1738; x_wconf 89' lang='lat' dir='ltr'><strong>minus</strong></span> <span class='ocrx_word' id='word_1_73' title='bbox 1343 1682 1461 1738; x_wconf 90' lang='lat' dir='ltr'><strong>aut</strong></span> <span class='ocrx_word' id='word_1_74' title='bbox 1492 1675 1702 1752; x_wconf 84' lang='lat' dir='ltr'><strong>magis</strong></span> <span class='ocrx_word' id='word_1_75' title='bbox 1734 1658 2163 1754; x_wconf 84' lang='lat' dir='ltr'><strong>indupedita:</strong></span> 
     </span>
     <span class='ocr_line' id='line_1_13' title="bbox 551 1784 2105 1863; baseline 0.003 -19"><span class='ocrx_word' id='word_1_76' title='bbox 551 1787 766 1847; x_wconf 81' lang='lat' dir='ltr'><strong>tactus</strong></span> <span class='ocrx_word' id='word_1_77' title='bbox 799 1784 974 1847; x_wconf 90' lang='lat' dir='ltr'><strong>enim</strong></span> <span class='ocrx_word' id='word_1_78' title='bbox 1005 1784 1122 1846; x_wconf 89' lang='lat' dir='ltr'><strong>leti</strong></span> <span class='ocrx_word' id='word_1_79' title='bbox 1157 1784 1318 1847; x_wconf 88' lang='lat' dir='ltr'><strong>satis</strong></span> <span class='ocrx_word' id='word_1_80' title='bbox 1353 1791 1518 1848; x_wconf 91' lang='lat' dir='ltr'><strong>esset</strong></span> <span class='ocrx_word' id='word_1_81' title='bbox 1554 1805 1753 1849; x_wconf 89' lang='lat' dir='ltr'><strong>causa</strong></span> <span class='ocrx_word' id='word_1_82' title='bbox 1787 1784 2105 1863; x_wconf 79' lang='lat' dir='ltr'><strong>profecto,</strong></span> 
     </span>
     <span class='ocr_line' id='line_1_14' title="bbox 551 1893 2343 1973; baseline 0.001 -17"><span class='ocrx_word' id='word_1_83' title='bbox 551 1893 798 1972; x_wconf 88' lang='lat' dir='ltr'><strong>quippe</strong></span> <span class='ocrx_word' id='word_1_84' title='bbox 829 1894 946 1956; x_wconf 95' lang='lat' dir='ltr'><strong>ubi</strong></span> <span class='ocrx_word' id='word_1_85' title='bbox 977 1895 1167 1958; x_wconf 87' lang='lat' dir='ltr'><strong>nulla</strong></span> <span class='ocrx_word' id='word_1_86' title='bbox 1199 1894 1422 1958; x_wconf 81' lang='lat' dir='ltr'><strong>forent</strong></span> <span class='ocrx_word' id='word_1_87' title='bbox 1457 1902 1728 1958; x_wconf 89' lang='lat' dir='ltr'><strong>aeterno</strong></span> <span class='ocrx_word' id='word_1_88' title='bbox 1757 1915 2029 1973; x_wconf 90' lang='lat' dir='ltr'><strong>corpore</strong></span> <span class='ocrx_word' id='word_1_89' title='bbox 2063 1915 2343 1972; x_wconf 89' lang='lat' dir='ltr'><strong>quorum</strong></span> 
     </span>
     <span class='ocr_line' id='line_1_15' title="bbox 550 2004 2093 2082; baseline 0.001 -17"><span class='ocrx_word' id='word_1_90' title='bbox 550 2010 930 2067; x_wconf 81' lang='lat' dir='ltr'><strong>contextum</strong></span> <span class='ocrx_word' id='word_1_91' title='bbox 957 2004 1062 2067; x_wconf 93' lang='lat' dir='ltr'><strong>uis</strong></span> <span class='ocrx_word' id='word_1_92' title='bbox 1093 2005 1358 2067; x_wconf 88' lang='lat' dir='ltr'><strong>deberet</strong></span> <span class='ocrx_word' id='word_1_93' title='bbox 1388 2005 1747 2068; x_wconf 88' lang='lat' dir='ltr'><strong>dissoluere</strong></span> <span class='ocrx_word' id='word_1_94' title='bbox 1780 2025 2093 2082; x_wconf 92' lang='lat' dir='ltr'><strong>quaeque.</strong></span> 
     </span>
    </p>

    <p class='ocr_par' dir='ltr' id='par_1_4' title="bbox 521 2113 2300 2523">
     <span class='ocr_line' id='line_1_16' title="bbox 521 2113 2103 2192; baseline 0.001 -18"><span class='ocrx_word' id='word_1_95' title='bbox 521 2113 622 2188; x_wconf 93' lang='lat' dir='ltr'><strong>(at</strong></span> <span class='ocrx_word' id='word_1_96' title='bbox 651 2133 849 2190; x_wconf 89' lang='lat' dir='ltr'><strong>nunc,</strong></span> <span class='ocrx_word' id='word_1_97' title='bbox 883 2113 1060 2178; x_wconf 90' lang='lat' dir='ltr'><strong>inter</strong></span> <span class='ocrx_word' id='word_1_98' title='bbox 1091 2134 1156 2178; x_wconf 88' lang='lat' dir='ltr'><strong>se</strong></span> <span class='ocrx_word' id='word_1_99' title='bbox 1189 2114 1348 2191; x_wconf 89' lang='lat' dir='ltr'><strong>quia</strong></span> <span class='ocrx_word' id='word_1_100' title='bbox 1377 2134 1586 2178; x_wconf 85' lang='lat' dir='ltr'><strong>nexus</strong></span> <span class='ocrx_word' id='word_1_101' title='bbox 1620 2114 2103 2192; x_wconf 85' lang='lat' dir='ltr'><strong>principiorum</strong></span> 
     </span>
     <span class='ocr_line' id='line_1_17' title="bbox 551 2222 2157 2303; baseline 0.002 -20"><span class='ocrx_word' id='word_1_102' title='bbox 551 2222 897 2286; x_wconf 90' lang='lat' dir='ltr'><strong>dissimiles</strong></span> <span class='ocrx_word' id='word_1_103' title='bbox 932 2229 1236 2286; x_wconf 89' lang='lat' dir='ltr'><strong>constant</strong></span> <span class='ocrx_word' id='word_1_104' title='bbox 1272 2231 1670 2303; x_wconf 88' lang='lat' dir='ltr'><strong>aeternaque</strong></span> <span class='ocrx_word' id='word_1_105' title='bbox 1704 2223 2009 2287; x_wconf 88' lang='lat' dir='ltr'><strong>materies</strong></span> <span class='ocrx_word' id='word_1_106' title='bbox 2043 2230 2157 2300; x_wconf 91' lang='lat' dir='ltr'><strong>est,</strong></span> 
     </span>
     <span class='ocr_line' id='line_1_18' title="bbox 552 2332 2300 2413; baseline 0.001 -19"><span class='ocrx_word' id='word_1_107' title='bbox 552 2332 864 2397; x_wconf 89' lang='lat' dir='ltr'><strong>incolumi</strong></span> <span class='ocrx_word' id='word_1_108' title='bbox 896 2340 1239 2397; x_wconf 88' lang='lat' dir='ltr'><strong>remanent</strong></span> <span class='ocrx_word' id='word_1_109' title='bbox 1274 2355 1378 2398; x_wconf 89' lang='lat' dir='ltr'><strong>res</strong></span> <span class='ocrx_word' id='word_1_110' title='bbox 1411 2355 1701 2413; x_wconf 89' lang='lat' dir='ltr'><strong>corpore,</strong></span> <span class='ocrx_word' id='word_1_111' title='bbox 1738 2336 1897 2397; x_wconf 93' lang='lat' dir='ltr'><strong>dum</strong></span> <span class='ocrx_word' id='word_1_112' title='bbox 1932 2334 2093 2398; x_wconf 87' lang='lat' dir='ltr'><strong>satis</strong></span> <span class='ocrx_word' id='word_1_113' title='bbox 2128 2335 2300 2399; x_wconf 89' lang='lat' dir='ltr'><strong>acris</strong></span> 
     </span>
     <span class='ocr_line' id='line_1_19' title="bbox 551 2443 2029 2523; baseline 0.002 -18"><span class='ocrx_word' id='word_1_114' title='bbox 551 2443 654 2505; x_wconf 89' lang='lat' dir='ltr'><strong>uis</strong></span> <span class='ocrx_word' id='word_1_115' title='bbox 687 2444 875 2507; x_wconf 93' lang='lat' dir='ltr'><strong>obeat</strong></span> <span class='ocrx_word' id='word_1_116' title='bbox 907 2464 1033 2523; x_wconf 92' lang='lat' dir='ltr'><strong>pro</strong></span> <span class='ocrx_word' id='word_1_117' title='bbox 1061 2450 1330 2507; x_wconf 87' lang='lat' dir='ltr'><strong>textura</strong></span> <span class='ocrx_word' id='word_1_118' title='bbox 1363 2444 1678 2521; x_wconf 88' lang='lat' dir='ltr'><strong>cuiusque</strong></span> <span class='ocrx_word' id='word_1_119' title='bbox 1711 2445 2029 2523; x_wconf 86' lang='lat' dir='ltr'><strong>reperta.)</strong></span> 
     </span>
    </p>

    <p class='ocr_par' dir='ltr' id='par_1_5' title="bbox 470 2550 2339 2743">
     <span class='ocr_line' id='line_1_20' title="bbox 470 2550 2339 2632; baseline 0.002 -19"><span class='ocrx_word' id='word_1_120' title='bbox 470 2553 729 2616; x_wconf 80' lang='lat' dir='ltr'><strong>—haud</strong></span> <span class='ocrx_word' id='word_1_121' title='bbox 763 2553 973 2632; x_wconf 85' lang='lat' dir='ltr'><strong>igitur</strong></span> <span class='ocrx_word' id='word_1_122' title='bbox 1003 2554 1178 2617; x_wconf 90' lang='lat' dir='ltr'><strong>redit</strong></span> <span class='ocrx_word' id='word_1_123' title='bbox 1211 2556 1296 2617; x_wconf 90' lang='lat' dir='ltr'><strong>ad</strong></span> <span class='ocrx_word' id='word_1_124' title='bbox 1327 2554 1613 2617; x_wconf 91' lang='lat' dir='ltr'><strong>nihilum</strong></span> <span class='ocrx_word' id='word_1_125' title='bbox 1645 2575 1749 2622; x_wconf 91' lang='lat' dir='ltr'><strong>res</strong></span> <span class='ocrx_word' id='word_1_126' title='bbox 1779 2556 1937 2631; x_wconf 92' lang='lat' dir='ltr'><strong>ulla,</strong></span> <span class='ocrx_word' id='word_1_127' title='bbox 1970 2555 2083 2618; x_wconf 91' lang='lat' dir='ltr'><strong>sed</strong></span> <span class='ocrx_word' id='word_1_128' title='bbox 2116 2550 2339 2619; x_wconf 88' lang='lat' dir='ltr'><strong>omnes</strong></span> 
     </span>
     <span class='ocr_line' id='line_1_21' title="bbox 553 2662 1906 2743; baseline 0.002 -19"><span class='ocrx_word' id='word_1_129' title='bbox 553 2662 830 2725; x_wconf 90' lang='lat' dir='ltr'><strong>discidio</strong></span> <span class='ocrx_word' id='word_1_130' title='bbox 859 2664 1141 2727; x_wconf 89' lang='lat' dir='ltr'><strong>redeunt</strong></span> <span class='ocrx_word' id='word_1_131' title='bbox 1173 2664 1244 2725; x_wconf 88' lang='lat' dir='ltr'><strong>in</strong></span> <span class='ocrx_word' id='word_1_132' title='bbox 1276 2684 1554 2743; x_wconf 90' lang='lat' dir='ltr'><strong>corpora</strong></span> <span class='ocrx_word' id='word_1_133' title='bbox 1583 2664 1906 2727; x_wconf 89' lang='lat' dir='ltr'><strong>materiai.</strong></span> 
     </span>
    </p>

    <p class='ocr_par' dir='ltr' id='par_1_6' title="bbox 471 2774 2465 3839">
     <span class='ocr_line' id='line_1_22' title="bbox 471 2774 2261 2852; baseline 0.001 -17"><span class='ocrx_word' id='word_1_134' title='bbox 471 2780 883 2849; x_wconf 80' lang='lat' dir='ltr'><strong>—postremo</strong></span> <span class='ocrx_word' id='word_1_135' title='bbox 913 2780 1196 2852; x_wconf 87' lang='lat' dir='ltr'><strong>pereunt</strong></span> <span class='ocrx_word' id='word_1_136' title='bbox 1230 2774 1488 2851; x_wconf 80' lang='lat' dir='ltr'><strong>imbreS,</strong></span> <span class='ocrx_word' id='word_1_137' title='bbox 1519 2774 1638 2837; x_wconf 90' lang='lat' dir='ltr'><strong>ubi</strong></span> <span class='ocrx_word' id='word_1_138' title='bbox 1671 2794 1776 2837; x_wconf 89' lang='lat' dir='ltr'><strong>eos</strong></span> <span class='ocrx_word' id='word_1_139' title='bbox 1809 2782 2001 2852; x_wconf 90' lang='lat' dir='ltr'><strong>pater</strong></span> <span class='ocrx_word' id='word_1_140' title='bbox 2035 2776 2261 2838; x_wconf 90' lang='lat' dir='ltr'><strong>aether</strong></span> 
     </span>
     <span class='ocr_line' id='line_1_23' title="bbox 552 2882 2033 2963; baseline 0.003 -20"><span class='ocrx_word' id='word_1_141' title='bbox 552 2882 623 2943; x_wconf 92' lang='lat' dir='ltr'><strong>in</strong></span> <span class='ocrx_word' id='word_1_142' title='bbox 657 2882 980 2961; x_wconf 84' lang='lat' dir='ltr'><strong>gremium</strong></span> <span class='ocrx_word' id='word_1_143' title='bbox 1014 2883 1248 2946; x_wconf 89' lang='lat' dir='ltr'><strong>matris</strong></span> <span class='ocrx_word' id='word_1_144' title='bbox 1281 2884 1487 2947; x_wconf 92' lang='lat' dir='ltr'><strong>terrai</strong></span> <span class='ocrx_word' id='word_1_145' title='bbox 1524 2884 2033 2963; x_wconf 85' lang='lat' dir='ltr'><strong>praecipitauit3</strong></span> 
     </span>
     <span class='ocr_line' id='line_1_24' title="bbox 553 2992 2195 3072; baseline 0.001 -18"><span class='ocrx_word' id='word_1_146' title='bbox 553 2998 622 3055; x_wconf 91' lang='lat' dir='ltr'><strong>at</strong></span> <span class='ocrx_word' id='word_1_147' title='bbox 652 2992 907 3056; x_wconf 90' lang='lat' dir='ltr'><strong>nitidae</strong></span> <span class='ocrx_word' id='word_1_148' title='bbox 940 3000 1225 3072; x_wconf 82' lang='lat' dir='ltr'><strong>surgunt</strong></span> <span class='ocrx_word' id='word_1_149' title='bbox 1260 2992 1492 3071; x_wconf 81' lang='lat' dir='ltr'><strong>fruges</strong></span> <span class='ocrx_word' id='word_1_150' title='bbox 1523 2993 1822 3071; x_wconf 89' lang='lat' dir='ltr'><strong>ramique</strong></span> <span class='ocrx_word' id='word_1_151' title='bbox 1854 2994 2195 3056; x_wconf 88' lang='lat' dir='ltr'><strong>uirescunt</strong></span> 
     </span>
     <span class='ocr_line' id='line_1_25' title="bbox 554 3102 2229 3181; baseline 0.001 -17"><span class='ocrx_word' id='word_1_152' title='bbox 554 3102 917 3179; x_wconf 78' lang='lat' dir='ltr'><strong>arboribuS,</strong></span> <span class='ocrx_word' id='word_1_153' title='bbox 955 3110 1256 3165; x_wconf 88' lang='lat' dir='ltr'><strong>crescunt</strong></span> <span class='ocrx_word' id='word_1_154' title='bbox 1292 3102 1474 3181; x_wconf 91' lang='lat' dir='ltr'><strong>ipsae</strong></span> <span class='ocrx_word' id='word_1_155' title='bbox 1511 3102 1786 3181; x_wconf 81' lang='lat' dir='ltr'><strong>fetuque</strong></span> <span class='ocrx_word' id='word_1_156' title='bbox 1822 3109 2229 3181; x_wconf 84' lang='lat' dir='ltr'><strong>grauantur3</strong></span> 
     </span>
     <span class='ocr_line' id='line_1_26' title="bbox 552 3212 2339 3290; baseline 0.001 -18"><span class='ocrx_word' id='word_1_157' title='bbox 552 3212 706 3275; x_wconf 91' lang='lat' dir='ltr'><strong>hinc</strong></span> <span class='ocrx_word' id='word_1_158' title='bbox 740 3212 946 3275; x_wconf 90' lang='lat' dir='ltr'><strong>alitur</strong></span> <span class='ocrx_word' id='word_1_159' title='bbox 981 3232 1182 3290; x_wconf 84' lang='lat' dir='ltr'><strong>porro</strong></span> <span class='ocrx_word' id='word_1_160' title='bbox 1213 3218 1514 3275; x_wconf 89' lang='lat' dir='ltr'><strong>nostrum</strong></span> <span class='ocrx_word' id='word_1_161' title='bbox 1549 3233 1757 3287; x_wconf 80' lang='lat' dir='ltr'><strong>genus</strong></span> <span class='ocrx_word' id='word_1_162' title='bbox 1791 3218 1988 3290; x_wconf 89' lang='lat' dir='ltr'><strong>atque</strong></span> <span class='ocrx_word' id='word_1_163' title='bbox 2023 3212 2339 3289; x_wconf 81' lang='lat' dir='ltr'><strong>ferarum,</strong></span> 
     </span>
     <span class='ocr_line' id='line_1_27' title="bbox 552 3321 2043 3400; baseline 0.002 -19"><span class='ocrx_word' id='word_1_164' title='bbox 552 3321 706 3384; x_wconf 91' lang='lat' dir='ltr'><strong>hinc</strong></span> <span class='ocrx_word' id='word_1_165' title='bbox 741 3322 948 3385; x_wconf 87' lang='lat' dir='ltr'><strong>laetas</strong></span> <span class='ocrx_word' id='word_1_166' title='bbox 982 3322 1180 3385; x_wconf 91' lang='lat' dir='ltr'><strong>urbes</strong></span> <span class='ocrx_word' id='word_1_167' title='bbox 1214 3322 1441 3400; x_wconf 89' lang='lat' dir='ltr'><strong>pueris</strong></span> <span class='ocrx_word' id='word_1_168' title='bbox 1472 3321 1705 3386; x_wconf 91' lang='lat' dir='ltr'><strong>florere</strong></span> <span class='ocrx_word' id='word_1_169' title='bbox 1739 3322 2043 3386; x_wconf 90' lang='lat' dir='ltr'><strong>uidemus</strong></span> 
     </span>
     <span class='ocr_line' id='line_1_28' title="bbox 555 3430 2465 3510; baseline 0.003 -19"><span class='ocrx_word' id='word_1_170' title='bbox 555 3430 1093 3508; x_wconf 82' lang='lat' dir='ltr'><strong>frondiferasque</strong></span> <span class='ocrx_word' id='word_1_171' title='bbox 1128 3431 1321 3494; x_wconf 87' lang='lat' dir='ltr'><strong>nouis</strong></span> <span class='ocrx_word' id='word_1_172' title='bbox 1358 3431 1595 3495; x_wconf 86' lang='lat' dir='ltr'><strong>auibus</strong></span> <span class='ocrx_word' id='word_1_173' title='bbox 1631 3452 1863 3494; x_wconf 90' lang='lat' dir='ltr'><strong>canere</strong></span> <span class='ocrx_word' id='word_1_174' title='bbox 1897 3432 2193 3509; x_wconf 86' lang='lat' dir='ltr'><strong>undique</strong></span> <span class='ocrx_word' id='word_1_175' title='bbox 2227 3432 2465 3510; x_wconf 87' lang='lat' dir='ltr'><strong>siluas;</strong></span> 
     </span>
     <span class='ocr_line' id='line_1_29' title="bbox 553 3540 2172 3620; baseline 0.002 -18"><span class='ocrx_word' id='word_1_176' title='bbox 553 3540 706 3603; x_wconf 92' lang='lat' dir='ltr'><strong>hinc</strong></span> <span class='ocrx_word' id='word_1_177' title='bbox 740 3542 951 3604; x_wconf 83' lang='lat' dir='ltr'><strong>fessae</strong></span> <span class='ocrx_word' id='word_1_178' title='bbox 983 3542 1266 3619; x_wconf 89' lang='lat' dir='ltr'><strong>pecudes</strong></span> <span class='ocrx_word' id='word_1_179' title='bbox 1297 3540 1535 3619; x_wconf 86' lang='lat' dir='ltr'><strong>pingui</strong></span> <span class='ocrx_word' id='word_1_180' title='bbox 1565 3562 1686 3620; x_wconf 92' lang='lat' dir='ltr'><strong>per</strong></span> <span class='ocrx_word' id='word_1_181' title='bbox 1720 3542 1965 3620; x_wconf 89' lang='lat' dir='ltr'><strong>pabula</strong></span> <span class='ocrx_word' id='word_1_182' title='bbox 1996 3542 2172 3605; x_wconf 89' lang='lat' dir='ltr'><strong>laeta</strong></span> 
     </span>
     <span class='ocr_line' id='line_1_30' title="bbox 556 3650 2140 3729; baseline 0.001 -18"><span class='ocrx_word' id='word_1_183' title='bbox 556 3670 834 3727; x_wconf 91' lang='lat' dir='ltr'><strong>corpora</strong></span> <span class='ocrx_word' id='word_1_184' title='bbox 867 3650 1211 3729; x_wconf 90' lang='lat' dir='ltr'><strong>deponunt</strong></span> <span class='ocrx_word' id='word_1_185' title='bbox 1246 3656 1309 3713; x_wconf 92' lang='lat' dir='ltr'><strong>et</strong></span> <span class='ocrx_word' id='word_1_186' title='bbox 1347 3652 1637 3714; x_wconf 89' lang='lat' dir='ltr'><strong>candens</strong></span> <span class='ocrx_word' id='word_1_187' title='bbox 1667 3651 1917 3714; x_wconf 87' lang='lat' dir='ltr'><strong>lacteus</strong></span> <span class='ocrx_word' id='word_1_188' title='bbox 1949 3672 2140 3715; x_wconf 92' lang='lat' dir='ltr'><strong>umor</strong></span> 
     </span>
     <span class='ocr_line' id='line_1_31' title="bbox 553 3759 2154 3839; baseline 0.002 -18"><span class='ocrx_word' id='word_1_189' title='bbox 553 3759 867 3837; x_wconf 82' lang='lat' dir='ltr'><strong>uberibus</strong></span> <span class='ocrx_word' id='word_1_190' title='bbox 900 3759 1503 3837; x_wconf 88' lang='lat' dir='ltr'><strong>manat-distentis;</strong></span> <span class='ocrx_word' id='word_1_191' title='bbox 1537 3760 1694 3823; x_wconf 92' lang='lat' dir='ltr'><strong>hinc</strong></span> <span class='ocrx_word' id='word_1_192' title='bbox 1728 3781 1903 3823; x_wconf 89' lang='lat' dir='ltr'><strong>noua</strong></span> <span class='ocrx_word' id='word_1_193' title='bbox 1936 3760 2154 3839; x_wconf 90' lang='lat' dir='ltr'><strong>proles</strong></span> 
     </span>
    </p>
   </div>
   <div class='ocr_carea' id='block_1_3' title="bbox 557 3869 2138 3949">
    <p class='ocr_par' dir='ltr' id='par_1_7' title="bbox 557 3869 2138 3949">
     <span class='ocr_line' id='line_1_32' title="bbox 557 3869 2138 3949; baseline 0.002 -19"><span class='ocrx_word' id='word_1_194' title='bbox 557 3870 834 3933; x_wconf 87' lang='lat' dir='ltr'><strong>artubus</strong></span> <span class='ocrx_word' id='word_1_195' title='bbox 866 3869 1146 3932; x_wconf 89' lang='lat' dir='ltr'><strong>infirmis</strong></span> <span class='ocrx_word' id='word_1_196' title='bbox 1176 3874 1440 3933; x_wconf 89' lang='lat' dir='ltr'><strong>teneras</strong></span> <span class='ocrx_word' id='word_1_197' title='bbox 1470 3869 1721 3934; x_wconf 89' lang='lat' dir='ltr'><strong>lasciua</strong></span> <span class='ocrx_word' id='word_1_198' title='bbox 1752 3890 1871 3949; x_wconf 94' lang='lat' dir='ltr'><strong>per</strong></span> <span class='ocrx_word' id='word_1_199' title='bbox 1902 3871 2138 3933; x_wconf 89' lang='lat' dir='ltr'><strong>herbas</strong></span> 
     </span>
    </p>
   </div>
   <div class='ocr_carea' id='block_1_4' title="bbox 579 3983 1849 4197">
    <p class='ocr_par' dir='ltr' id='par_1_8' title="bbox 579 3983 1849 4197">
     <span class='ocr_line' id='line_1_33' title="bbox 579 3983 1026 4045; baseline 0.004 -14"><span class='ocrx_word' id='word_1_200' title='bbox 579 3983 680 4033; x_wconf 87' lang='lat'><strong>240</strong></span> <span class='ocrx_word' id='word_1_201' title='bbox 700 3984 844 4045; x_wconf 61' lang='lat' dir='ltr'><strong>vulg.</strong></span> <span class='ocrx_word' id='word_1_202' title='bbox 875 3997 1026 4033; x_wconf 84' lang='lat' dir='ltr'><strong>nexu</strong></span> 
     </span>
     <span class='ocr_line' id='line_1_34' title="bbox 579 4058 1849 4125; baseline 0 -16"><span class='ocrx_word' id='word_1_203' title='bbox 579 4059 680 4110; x_wconf 83' lang='grc'><strong>257</strong></span> <span class='ocrx_word' id='word_1_204' title='bbox 699 4058 922 4125; x_wconf 83' lang='lat' dir='ltr'><strong>pinguis</strong></span> <span class='ocrx_word' id='word_1_205' title='bbox 1025 4059 1162 4121; x_wconf 78' lang='lat' dir='ltr'><strong>fort.</strong></span> <span class='ocrx_word' id='word_1_206' title='bbox 1194 4059 1444 4125; x_wconf 71' lang='lat' dir='ltr'><strong>pecudea,</strong></span> <span class='ocrx_word' id='word_1_207' title='bbox 1476 4059 1719 4125; x_wconf 86' lang='lat' dir='ltr'><strong>pinguis,</strong></span> <span class='ocrx_word' id='word_1_208' title='bbox 1750 4075 1849 4125; x_wconf 87' lang='lat' dir='ltr'><strong>per</strong></span> 
     </span>
     <span class='ocr_line' id='line_1_35' title="bbox 1582 4145 1663 4197; baseline -0.012 0"><span class='ocrx_word' id='word_1_209' title='bbox 1582 4145 1663 4197; x_wconf 83' lang='lat'><strong>[9]</strong></span> 
     </span>
    </p>
   </div>
   <div class='ocr_carea' id='block_1_5' title="bbox 2748 571 2860 621">
    <p class='ocr_par' dir='ltr' id='par_1_9' title="bbox 2748 571 2860 621">
     <span class='ocr_line' id='line_1_36' title="bbox 2748 571 2860 621; baseline 0.036 -5"><span class='ocrx_word' id='word_1_210' title='bbox 2748 571 2860 621; x_wconf 89' lang='grc'>,230</span> 
     </span>
    </p>
   </div>
   <div class='ocr_carea' id='block_1_6' title="bbox 2759 1121 2862 1171">
    <p class='ocr_par' dir='ltr' id='par_1_10' title="bbox 2759 1121 2862 1171">
     <span class='ocr_line' id='line_1_37' title="bbox 2759 1121 2862 1171; baseline 0.01 -1"><span class='ocrx_word' id='word_1_211' title='bbox 2759 1121 2862 1171; x_wconf 88' lang='grc'><strong>235</strong></span> 
     </span>
    </p>
   </div>
   <div class='ocr_carea' id='block_1_7' title="bbox 2761 1673 2862 1722">
    <p class='ocr_par' dir='ltr' id='par_1_11' title="bbox 2761 1673 2862 1722">
     <span class='ocr_line' id='line_1_38' title="bbox 2761 1673 2862 1722; baseline -0.01 0"><span class='ocrx_word' id='word_1_212' title='bbox 2761 1673 2862 1722; x_wconf 87' lang='grc'><strong>240</strong></span> 
     </span>
    </p>
   </div>
   <div class='ocr_carea' id='block_1_8' title="bbox 2761 2219 2866 2271">
    <p class='ocr_par' dir='ltr' id='par_1_12' title="bbox 2761 2219 2866 2271">
     <span class='ocr_line' id='line_1_39' title="bbox 2761 2219 2866 2271; baseline 0.019 -2"><span class='ocrx_word' id='word_1_213' title='bbox 2761 2219 2866 2271; x_wconf 87' lang='grc'><strong>245</strong></span> 
     </span>
    </p>
   </div>
   <div class='ocr_carea' id='block_1_9' title="bbox 2761 2772 2864 2822">
    <p class='ocr_par' dir='ltr' id='par_1_13' title="bbox 2761 2772 2864 2822">
     <span class='ocr_line' id='line_1_40' title="bbox 2761 2772 2864 2822; baseline 0.01 -1"><span class='ocrx_word' id='word_1_214' title='bbox 2761 2772 2864 2822; x_wconf 90' lang='grc'><strong>250</strong></span> 
     </span>
    </p>
   </div>
   <div class='ocr_carea' id='block_1_10' title="bbox 2763 3322 2867 3373">
    <p class='ocr_par' dir='ltr' id='par_1_14' title="bbox 2763 3322 2867 3373">
     <span class='ocr_line' id='line_1_41' title="bbox 2763 3322 2867 3373; baseline 0.019 -2"><span class='ocrx_word' id='word_1_215' title='bbox 2763 3322 2867 3373; x_wconf 91' lang='grc'><strong>255</strong></span> 
     </span>
    </p>
   </div>
   <div class='ocr_carea' id='block_1_11' title="bbox 2766 3869 2867 3919">
    <p class='ocr_par' dir='ltr' id='par_1_15' title="bbox 2766 3869 2867 3919">
     <span class='ocr_line' id='line_1_42' title="bbox 2766 3869 2867 3919; baseline 0.01 -1"><span class='ocrx_word' id='word_1_216' title='bbox 2766 3869 2867 3919; x_wconf 89' lang='grc'><strong>260</strong></span> 
     </span>
    </p>
   </div>
  </div>
 </body>
</html>
