3182 4602
1167 421 1229 471 T.
1270 419 1598 471 LVGRETI
1637 418 1816 469 CARI

420 633 681 712 longius
713 656 754 698 a
781 656 943 699 uera
974 637 1184 699 multo
1216 636 1472 700 ratione
1506 636 1741 699 ferere.

421 744 584 821 quid
613 745 974 809 Nemeaeus
1005 746 1179 808 enim
1211 746 1402 808 nobis
1429 766 1609 808 nunc
1640 765 1921 823 magnus
1952 744 2176 807 hiatus

420 853 531 917 ille
559 854 765 918 leonis
794 856 1042 919 obesset
1069 862 1134 919 et
1161 856 1437 919 horrens
1465 855 1799 918 Arcadius
1828 858 1981 918 sus?

419 964 702 1041 denique
737 964 900 1041 quid
937 964 1171 1028 Cretae
1204 972 1441 1028 taurus
1475 966 1899 1042 Lernaeaque
1934 964 2137 1043 pestis

418 1074 635 1151 hydra
670 1075 1015 1137 uenenatis
1051 1081 1268 1153 posset
1304 1075 1557 1138 uallata
1595 1074 1924 1137 colubris?

420 1187 665 1264 quidue
697 1186 1063 1264 tripectora
1093 1186 1441 1264 tergemini
1472 1185 1577 1247 uis
1612 1184 1943 1262 Geryonai

419 1303 484 1359 et
520 1295 859 1358 Diomedis
891 1296 1062 1373 equi,
1100 1296 1433 1374 spirantes
1463 1294 1740 1357 naribus
1776 1294 2013 1372 ignem,

421 1405 693 1468 Thracis
729 1405 1190 1482 Bistoniasque
1226 1406 1457 1484 plagas
1493 1412 1692 1482 atque
1728 1405 1983 1467 Ismara
2017 1410 2312 1482 propter,

418 1521 607 1578 tanto
639 1536 833 1593 opere
865 1515 1193 1578 officerent
1224 1515 1452 1577 nobis?
1489 1514 1886 1593 Stymphala
1914 1514 2241 1577 colentes?

420 1644 748 1702 aureaque
781 1624 1227 1703 Hesperidum
1261 1644 1533 1687 seruans
1567 1624 1900 1701 fulgentia
1930 1623 2125 1700 mala,

419 1754 630 1813 asper,
665 1735 900 1797 acerba
928 1741 1141 1811 1116111,
1174 1733 1445 1796 immani
1479 1753 1750 1812 corpore
1785 1753 2054 1811 serpens

419 1844 672 1907 arboris
706 1845 1047 1922 amplexus
1081 1844 1356 1921 stirpem
1391 1844 1552 1921 quid
1587 1843 1871 1921 denique
1908 1844 2156 1906 obesset

418 1961 693 2033 propter
728 1956 1120 2018 Atlanteum
1157 1955 1317 2018 litus
1355 1954 1702 2032 pelagique
1739 1974 1987 2031 seuera,

418 2085 547 2142 quo
578 2085 788 2142 neque
820 2070 1043 2127 noster
1076 2065 1218 2127 adit
1249 2064 1596 2141 quisquam
1628 2084 1748 2126 1166
1780 2065 2103 2126 barbarus
2135 2064 2377 2126 audet?

418 2182 636 2238 cetera
666 2175 747 2238 de
779 2195 1016 2253 genere
1048 2176 1168 2237 hoc
1200 2194 1368 2251 quae
1398 2180 1554 2236 sunt
1586 2181 1900 2252 portenta
1930 2180 2293 2251 perempta,

417 2284 510 2349 sei
541 2306 675 2348 non
708 2284 888 2348 uicta
924 2284 1167 2362 forent,
1203 2283 1365 2362 quid
1396 2285 1667 2347 tandem
1701 2283 1865 2347 uiua
1896 2286 2249 2347 nocerent?

416 2395 532 2472 nil,
562 2402 639 2458 ut
669 2395 937 2472 opinor:
970 2395 1069 2458 ita
1098 2395 1183 2458 ad
1213 2395 1516 2458 satiatem
1545 2402 1728 2458 terra
1760 2394 2059 2457 ferarum

416 2525 594 2568 nunc
625 2505 824 2568 etiam
856 2505 1053 2568 scatit
1085 2510 1150 2567 et
1181 2504 1448 2583 trepido
1476 2511 1728 2567 terrore
1762 2504 2016 2581 repleta
2047 2510 2145 2566 est

416 2634 535 2691 per
568 2635 838 2678 nemora
871 2635 945 2677 ac
976 2621 1228 2678 111011161
1261 2635 1531 2692 magnos
1565 2614 1898 2691 siluasque
1933 2614 2340 2692 profundas3

417 2744 581 2800 quae
615 2724 757 2787 1066
790 2724 1056 2786 uitandi
1091 2724 1478 2802 plerumque
1514 2730 1611 2785 est
1644 2731 1873 2787 nostra
1906 2731 2214 2802 potestas,

333 2840 486 2895 —at
517 2833 646 2896 nisi
679 2840 1105 2912 purgatumst
1139 2840 1387 2911 pectuS,
1423 2854 1589 2910 quae
1624 2833 1874 2910 proelia
1905 2833 2093 2896 nobis

416 2949 610 3020 atque
644 2943 943 3020 pericula
974 2950 1130 3005 sunt
1163 2942 1446 3020 ingratis
1477 2942 1914 3005 insinuanda!

416 3059 702 3128 quantae
736 3060 879 3115 tum
914 3052 1229 3116 scindunt
1262 3052 1590 3115 hominem
1625 3052 2018 3130 cuppedinis
2054 3072 2235 3115 acres

415 3161 767 3225 sollicitum
801 3182 999 3225 curae
1033 3162 1396 3239 quantique
1432 3161 1708 3240 perinde
1744 3161 2043 3224 timores!

416 3272 660 3347 quidue
694 3272 1004 3350 superbia
1037 3272 1361 3349 spurcitia
1395 3293 1469 3334 ac
1502 3271 1920 3348 petulantia?
1954 3279 2237 3348 quantas

416 3380 703 3444 efficiunt
736 3363 985 3443 clades!
1022 3381 1184 3458 quid
1218 3382 1415 3444 luxus
1446 3381 1909 3458 desidiaeque?

332 3490 573 3553 —haec
605 3490 814 3568 igitur
849 3491 963 3567 qui
997 3497 1238 3554 cuncta
1270 3490 1604 3568 subegerit
1639 3512 1717 3554 ex
1751 3489 2097 3567 animoque

417 3600 744 3676 expulerit
776 3600 989 3676 dictis,
1024 3620 1157 3662 non
1191 3600 1410 3676 armis,
1444 3619 1661 3662 nonne
1692 3599 1947 3662 decebit

415 3709 590 3772 hunc
622 3709 949 3771 hominem
982 3729 1257 3772 numero
1291 3709 1515 3772 diuom
1551 3708 1892 3786 dignarier
1927 3713 2103 3773 esse?

417 3839 562 3880 cum
591 3820 752 3882 bene
786 3818 1175 3896 praesertim
1205 3819 1417 3881 multa
1449 3839 1523 3882 ac
1555 3818 1884 3882 diuinitus
1916 3819 2079 3897 ipsis

416 3926 889 3991 immortalibu’
925 3929 1004 3990 de
1041 3927 1218 3990 diuis
1255 3930 1412 3991 dare
1451 3928 1631 3991 dicta
1666 3928 1874 3991 suerit

470 4077 538 4124 44
557 4077 701 4138 vuly.
734 4077 1390 4127 tumst—insinuandum

1404 4204 1552 4256 [165]

2666 848 2734 899 25

2665 1290 2733 1338 29

2666 1400 2732 1449 31

2666 1509 2732 1559 30

2665 1950 2732 1999 35

2662 2499 2730 2549 40

2661 3050 2729 3099 45

2660 3601 2727 3650 50
