3182 4602
1172 343 1232 390 T.
1274 342 1514 393 LVGRE
1521 342 1601 390 TI
1640 341 1817 392 CARI

425 563 490 619 et
522 557 744 634 rapidi
777 556 1086 620 fremitus
1118 565 1182 621 et
1213 577 1557 621 murmura
1589 578 1831 635 magna
1863 556 2211 619 minarum.

464 666 607 729 —O
643 687 849 744 genus
885 667 1124 730 infelix
1144 668 1538 744 humanum,
1575 667 1739 730 talia
1774 667 1950 730 diuis

424 796 573 838 cum
604 776 845 840 tribuit
877 776 1060 840 facta
1091 783 1290 855 atque
1323 777 1459 840 iras
1489 776 1798 840 adiunxit
1830 777 2128 840 acerbas!
2601 767 2738 820 1195

424 893 706 963 quantos
736 893 880 948 tum
911 886 1192 965 gemitus
1222 887 1352 966 ipsi
1381 886 1523 964 sibi,
1558 893 1937 964 quantaque
1968 885 2157 948 nobis

421 997 715 1072 uolnera,
748 1016 911 1073 quas
942 996 1248 1059 lacrimas
1279 1017 1593 1074 peperere
1623 995 1984 1058 minoribu'
2016 994 2293 1057 nostris!

423 1125 543 1168 nec
579 1106 791 1183 pietas
826 1107 1028 1169 ullast
1063 1107 1358 1169 uelatum
1393 1126 1586 1184 saepe
1622 1105 1841 1168 uideri
1964 1091 1977 1100 ”

422 1215 673 1278 uertier
705 1217 791 1278 ad
823 1215 1111 1293 lapidem
1142 1223 1339 1293 atque
1370 1215 1580 1278 omnis
1614 1216 1919 1279 accedere
1952 1215 2037 1278 ad
2070 1235 2219 1278 aras

421 1344 542 1387 nec
575 1326 1001 1404 procumbere
1035 1325 1219 1388 humi
1253 1332 1664 1403 prostratum
1696 1332 1759 1387 et
1792 1325 2082 1402 pandere
2116 1324 2369 1401 palmas
2602 1318 2738 1368 1200

424 1441 578 1498 ante
612 1435 809 1497 deum
842 1436 1118 1498 delubra
1153 1456 1271 1498 nec
1306 1455 1455 1497 aras
1488 1435 1810 1512 sanguine
1844 1435 2055 1496 multo

423 1564 734 1621 spargere
770 1546 1280 1622 quadrupedum
1314 1564 1432 1607 nec
1465 1544 1641 1606 uotis
1676 1551 1935 1607 nectere
1968 1550 2147 1620 uota,

423 1654 535 1716 sed
570 1674 756 1732 mage
790 1661 1029 1732 pacata
1061 1674 1246 1732 posse
1281 1654 1498 1717 omnia
1529 1661 1747 1716 mente
1777 1653 1973 1716 tueri.

334 1783 578 1826 —nam
609 1785 759 1826 cum
789 1763 1182 1841 suspicimus
1212 1763 1435 1841 magni
1469 1763 1773 1826 caelestia
1806 1762 2039 1826 mundi

422 1874 688 1950 templa,
727 1894 927 1951 super
962 1873 1297 1951 stellisque
1330 1873 1730 1936 micantibus
1766 1874 2032 1936 aethera
2066 1872 2289 1950 fixum,
2602 1868 2738 1918 1205

425 1990 490 2045 et
523 1983 710 2045 uenit
745 1983 816 2045 in
850 1990 1135 2046 mentem
1169 1983 1322 2046 solis
1355 1984 1681 2060 lunaeque
1716 1983 1999 2058 uiarum,

423 2099 585 2154 tunc
619 2093 767 2154 aliis
799 2113 1112 2170 oppressa
1142 2093 1333 2155 malis
1365 2093 1436 2153 in
1472 2099 1739 2170 pectora
1774 2113 1935 2154 cura

425 2202 539 2264 1118
578 2222 835 2279 quoque
873 2201 1412 2280 expergefactum
1449 2209 1652 2281 caput
1691 2202 1940 2280 erigere
1976 2201 2143 2278 infit,

423 2332 676 2389 nequae
710 2312 885 2376 forte
920 2314 1115 2376 deum
1149 2313 1339 2376 nobis
1370 2313 1668 2376 inmensa
1702 2320 1993 2391 potestas

424 2422 529 2499 sit,
565 2422 754 2485 uario
783 2430 966 2485 motu
999 2443 1164 2500 quae
1197 2423 1480 2486 candida
1514 2423 1732 2486 sidera
1764 2429 2001 2485 uerset.
2602 2418 2737 2468 1210

392 2531 709 2609 (temptat
743 2532 916 2615 enim
950 2532 1218 2595 dubiam
1252 2539 1535 2595 mentem
1569 2532 1848 2595 rationis
1882 2538 2151 2610 egestas,

424 2660 819 2718 ecquaenam
854 2641 1062 2704 fuerit
1096 2642 1330 2705 mundi
1363 2642 1671 2719 genitalis
1706 2641 1907 2719 orig0‚

424 2757 489 2813 et
521 2751 717 2813 simul
749 2772 989 2828 ecquae
1021 2751 1107 2813 sit
1138 2751 1289 2813 finis
1321 2751 1537 2828 quoad
1569 2751 1826 2814 moenia
1858 2752 2090 2814 mundi

424 2866 489 2922 et
520 2860 709 2923 taciti
739 2867 956 2923 motus
985 2862 1162 2923 hunc
1194 2860 1448 2939 possint
1479 2860 1658 2923 ferre
1689 2861 1997 2938 laborem,

424 2989 510 3031 an
540 2969 870 3032 diuinitus
901 2976 1169 3033 aeterna
1201 2970 1446 3033 donata
1478 2971 1692 3033 salute
2601 2967 2737 3017 1215

425 3085 748 3156 perpetuo
783 3079 1035 3157 possint
1073 3079 1221 3142 aeui
1256 3079 1546 3142 labentia
1582 3086 1805 3142 tractu

423 3188 703 3251 inmensi
734 3188 994 3252 ualidas
1025 3188 1174 3252 aeui
1206 3196 1619 3252 contemnere
1651 3188 1871 3265 uiris.)

335 3305 766 3374 —praeterea
804 3298 912 3361 cui
946 3318 1078 3360 non
1114 3298 1374 3361 animus
1409 3298 1767 3361 formidine
1805 3298 2029 3361 diuom

424 3407 861 3484 contrahitur,
899 3407 1004 3470 cui
1039 3427 1170 3469 non
1206 3413 1564 3485 correpunt
1599 3408 1890 3471 membra
1926 3427 2192 3485 pauore,

425 3515 730 3579 fulminis
756 3516 1060 3578 horribili
1089 3537 1236 3579 cum
1267 3517 1467 3595 plaga
1494 3516 1753 3579 torrida
1781 3518 1979 3580 tellus
2601 3512 2735 3563 1220

423 3626 772 3688 contremit
807 3633 871 3689 et
904 3646 1216 3703 magnum
1252 3633 1655 3703 percurrunt
1688 3645 2033 3689 murmura
2066 3627 2360 3689 caelum?

423 3755 558 3797 non
594 3735 825 3812 populi
862 3742 1214 3819 gentesque
1249 3741 1564 3811 tremunt,
1602 3754 1914 3812 regesque
1950 3734 2219 3813 superbi

425 3844 798 3921 corripiunt
831 3844 1049 3906 divom
1083 3844 1376 3922 percussi
1411 3845 1702 3907 membra
1735 3844 1990 3921 timore,

413 3976 550 4025 1214
570 3975 718 4037 vulg*
743 3973 966 4025 solliciti

1414 4109 1562 4161 [205]
