3182 4602
1138 395 1199 445 T.
1236 395 1562 446 LVGRETI
1600 395 1777 446 CARI

309 608 508 674 —scd
537 611 927 689 plerumque
953 610 1030 675 fit
1058 611 1129 673 in
1159 631 1411 674 summo
1439 611 1627 689 quasi
1659 632 1929 689 corpore
1957 610 2109 692 finis
2163 689 2168 695 .

394 721 713 784 motibus:
745 721 916 784 hanc
950 723 1028 784 ob
1061 741 1200 783 rem
1228 722 1440 784 uitam
1472 721 1759 785 retinere
1789 721 2139 798 ualemus)

516 830 715 893 'Nunc
750 850 826 894 ea
859 851 991 908 quo
1024 838 1220 909 pacto
1252 831 1428 894 inter
1463 852 1598 895 sese
1629 830 1838 894 mixta
1872 831 2239 909 quibusque

397 946 660 1019 compta
687 940 901 1003 modis
930 940 1203 1018 uigeant
1234 940 1558 1004 rationem
1588 941 1863 1003 reddere
1897 947 2201 1004 auentem

397 1049 723 1112 abstrahit
755 1050 1046 1113 inuitum
1078 1051 1284 1129 patrii
1318 1050 1635 1113 sermonis
1667 1056 1952 1128 egestas3
2608 1047 2720 1123 260·

394 1159 507 1221 sed
540 1165 762 1223 tamen
793 1166 872 1222 ut
903 1165 1133 1238 potero
1164 1160 1541 1223 summatim
1574 1160 1903 1238 attingere
1934 1167 2225 1238 tangam.

761 1264 1229 1317 CONIUNCTIO
1280 1266 1521 1316 ANIMI
1571 1267 1668 1318 ΕΤ
1720 1266 2155 1317 ANIMARVM

393 1354 572 1417 inter
605 1354 778 1418 enim
814 1362 1086 1418 cursant
1120 1355 1488 1433 primordia
1521 1355 2006 1435 principiorum

395 1464 682 1527 motibus
711 1464 888 1527 inter
920 1484 1005 1541 se,
1037 1465 1207 1527 nihil
1238 1472 1315 1528 ut
1347 1465 1671 1528 secernier
1700 1487 1909 1528 unum

397 1573 602 1651 possit
629 1595 748 1637 nec
779 1574 999 1653 spatio
1023 1574 1168 1637 fieri
1197 1575 1416 1639 diuisa
1447 1582 1755 1654 potestaS‚

395 1685 509 1746 sed
539 1684 726 1762 quasi
755 1684 1002 1748 multae
1030 1685 1135 1747 uis
1162 1685 1363 1748 unius
1393 1686 1687 1764 corporis
1718 1692 1965 1748 extant.
2610 1684 2713 1732 265

315 1794 572 1871 —quod
605 1815 814 1872 genus
844 1794 916 1856 in
947 1794 1182 1879 quouis
1216 1795 1630 1858 animantum
1662 1796 1913 1859 uiscere
1943 1796 2142 1874 uolgo

398 1910 493 1966 est
524 1904 684 1966 odor
716 1911 781 1967 et
812 1904 1082 1981 quidam
1115 1906 1292 1969 calor
1324 1910 1388 1968 et
1419 1926 1634 1983 sapor,
1669 1912 1734 1969 et
1765 1913 1986 1968 tamen
2018 1926 2097 1967 ex
2123 1905 2228 1967 his

398 2014 697 2076 omnibus
730 2020 826 2077 est
856 1995 1065 2076 unum
1097 2014 1469 2092 perfectum
1499 2015 1794 2093 corporis
1826 2036 2142 2093 augmen3

397 2122 488 2186 sic
521 2123 698 2186 calor
730 2130 927 2201 atque
961 2145 1073 2187 aer
1105 2131 1170 2187 et
1200 2125 1385 2187 uenti
1418 2145 1608 2189 caeca
1642 2132 1929 2203 potestas

397 2233 608 2296 mixta
638 2240 865 2297 creant
895 2255 1097 2297 unam
1127 2242 1438 2297 naturam
1471 2242 1535 2297 et
1563 2235 1822 2322 mobilis
1854 2236 1969 2298 illa
2610 2233 2713 2283 270

397 2343 519 2420 uis,
555 2343 796 2407 initum
826 2352 1043 2408 motus
1076 2347 1156 2408 ab
1188 2366 1253 2408 se
1285 2366 1452 2422 quae
1486 2345 1733 2408 diuidit
1766 2345 1930 2423 ollis,

398 2453 679 2517 sensifer
710 2455 888 2518 unde
922 2455 1137 2517 oritur
1171 2455 1460 2533 primum
1494 2476 1613 2532 per
1646 2455 1904 2519 uiscera
1935 2461 2169 2518 motus,

398 2584 553 2626 nam
586 2563 853 2642 penitus
887 2585 1193 2643 prorsum
1225 2566 1388 2627 latet
1421 2566 1579 2628 haec
1615 2572 1859 2627 natura
1892 2565 2242 2642 subestque

397 2695 516 2737 nec
542 2673 752 2751 magis
779 2675 901 2737 hac
928 2674 1115 2737 infra
1142 2675 1493 2752 quicquam
1524 2681 1620 2738 est
1650 2674 1721 2735 in
1750 2695 2021 2752 corpore
2050 2681 2277 2737 nostro

399 2790 596 2861 atque
625 2784 846 2847 anima
875 2791 971 2848 est
1001 2784 1258 2847 animae
1288 2804 1615 2862 proporro
1639 2784 1845 2847 totius
1873 2784 2037 2862 ipsa.
2610 2781 2713 2830 275

317 2895 576 2970 —quod
608 2914 814 2971 genus
846 2893 917 2954 in
948 2893 1191 2956 nostris
1220 2894 1528 2957 membris
1561 2901 1626 2956 et
1659 2914 1930 2972 corpore
1960 2900 2101 2957 toto

397 3003 607 3066 mixta
639 3004 852 3066 latens
883 3003 1088 3067 animi
1120 3003 1225 3065 uis
1259 3009 1355 3066 est
1389 3003 1775 3081 animaeque
1809 3010 2116 3081 potestaS‚

401 3112 785 3192 corporibus
818 3113 974 3190 quia
1009 3114 1088 3176 de
1123 3113 1352 3191 paruis
1387 3112 1745 3191 paucisque
1780 3119 2082 3176 creatast.

399 3223 489 3285 sic
521 3222 646 3284 tibi
674 3223 958 3285 nominis
988 3224 1147 3285 haec
1178 3243 1411 3301 expers
1439 3223 1546 3285 uis
1573 3222 1757 3285 facta
1786 3223 2062 3285 minutis

400 3332 785 3410 corporibus
815 3334 980 3395 latet
1013 3339 1211 3409 atque
1244 3333 1501 3396 animae
1536 3331 1724 3410 quasi
1756 3331 1963 3395 totius
1995 3332 2139 3409 ipsa
2614 3330 2716 3379 280

401 3448 787 3520 proporrost
824 3441 1045 3505 anima
1081 3449 1146 3505 et
1182 3441 1562 3504 dominatur
1599 3461 1870 3518 corpore
1902 3447 2061 3504 toto,

403 3551 723 3614 consimili
755 3551 1012 3614 ratione
1041 3557 1361 3614 necessest
1391 3557 1635 3614 uentus
1665 3557 1729 3614 et
1761 3571 1873 3614 aer

403 3668 466 3724 et
497 3661 676 3724 calor
707 3661 884 3724 inter
916 3681 982 3723 se
1015 3661 1287 3738 uigeant
1319 3660 1673 3723 commixta
1704 3680 1824 3738 per
1857 3666 2044 3723 artus
2098 3723 2101 3725 Α

403 3776 598 3848 atque
635 3770 783 3834 aliis
819 3770 1002 3834 aliud
1038 3769 1250 3832 subsit
1283 3769 1493 3848 magis
1530 3769 1942 3846 emineatque

403 3886 479 3942 ut
510 3880 827 3957 quiddam
856 3879 1010 3971 fieri·
1031 3879 1343 3942 uideatur
1377 3880 1457 3943 ab
1491 3878 1791 3941 omnibus
1822 3900 2049 3955 unum,
2615 3876 2718 3925 285

1408 4175 1521 4227 [89]
