3182 4602
1178 389 1281 440 DE
1316 389 1582 440 RERVM
1616 389 1927 442 NATVRA
1966 389 2069 441 III

593 609 994 667 commutare
1025 603 1318 667 animum
1349 603 1745 682 quicumque
1778 604 2083 668 adoritur
2115 610 2179 668 et
2211 603 2361 667 infit

593 718 713 775 aut
745 712 941 776 aliam
974 713 1278 791 quamuis
1308 719 1620 777 naturam
1652 713 1912 777 flectere
1946 713 2225 791 quaerit.

593 828 665 885 at
696 842 906 900 neque
937 822 1296 887 transferri
1327 823 1452 886 sibi
1484 823 1702 901 partis
1728 844 1847 887 nec
1879 823 2088 886 tribui
2119 823 2261 886 uolt

593 931 941 995 inmortale
974 933 1150 1010 quod
1184 940 1281 996 est
1313 933 1665 1011 quicquam
1700 952 1910 1010 neque
1946 932 2232 996 defluere
2264 933 2494 995 hilum.

561 1041 748 1117 (nam
784 1043 1238 1120 quodcumque
1272 1042 1411 1106 suis
1441 1049 1774 1106 mutatum
1808 1041 2052 1105 finibus
2085 1042 2240 1118 exit,

592 1151 907 1215 continuo
937 1152 1058 1215 1106
1090 1172 1265 1215 mors
1297 1159 1394 1215 est
1427 1152 1609 1215 illius
1644 1152 1818 1230 quod
1854 1151 1991 1216 fuit
2026 1153 2233 1228 ante.)

507 1281 750 1339 ——ergo
781 1261 1038 1324 animus
1069 1261 1209 1325 siue
1243 1262 1579 1340 aegrescit,
1614 1261 1922 1325 mortalia
1956 1261 2147 1339 signa

591 1370 819 1447 mittit,
855 1371 958 1434 uti
988 1371 1200 1447 docui,
1233 1392 1348 1435 seu
1380 1371 1672 1435 flectitur
1704 1392 1746 1435 a
1775 1370 2119 1434 medicina.

590 1491 797 1557 usque
833 1482 996 1544 adeo
1031 1480 1239 1544 falsae
1276 1480 1522 1544 rationi
1557 1501 1718 1544 uera
1754 1481 2028 1543 uidetur

591 1610 696 1651 res
727 1610 1067 1654 occurrere
1099 1598 1164 1654 et
1195 1591 1514 1668 effugium
1546 1591 1974 1669 praecludere
2005 1590 2193 1654 eunti

593 1700 999 1777 ancipitique
1031 1699 1336 1763 refutatu
1358 1700 1757 1764 conuincere
1788 1700 2051 1764 falsum.

718 1860 1017 1938 Denique
1047 1880 1240 1937 saepe
1269 1860 1956 1938 hominem‘paulatim
1988 1860 2318 1923 cernimus
2345 1860 2442 1923 ire

593 1975 657 2031 et
688 1968 1101 2032 membratim
1134 1969 1407 2032 uitalem
1441 1971 1801 2047 deperdere
1834 1990 2129 2045 sensum3

591 2079 662 2141 in
693 2078 972 2156 pedibus
1004 2079 1294 2157 primum
1325 2079 1567 2157 digitos
1598 2079 1910 2142 liuescere
1943 2086 2007 2143 et
2039 2078 2301 2157 unguiS,

591 2188 746 2252 inde
776 2190 975 2265 pedes
1003 2195 1068 2252 et
1095 2210 1292 2251 crura
1319 2189 1505 2265 mori,
1534 2196 1683 2266 post
1713 2189 1866 2250 inde
1894 2209 2014 2267 per
2045 2196 2231 2252 artus

591 2297 688 2362 116
719 2298 879 2361 alios
906 2298 1174 2362 tractim
1203 2298 1404 2377 gelidi
1432 2298 1716 2377 uestigia
1745 2298 1879 2362 leti.

591 2409 919 2471 scinditur
952 2416 1148 2486 atque
1183 2409 1438 2472 animae
1471 2410 1630 2471 haec
1665 2409 1975 2486 quoniam
2007 2416 2253 2472 natura
2283 2428 2403 2471 nec
2435 2428 2573 2471 uno

589 2525 883 2596 tempore
917 2518 1174 2582 sincera
1207 2518 1449 2595 existit,
1482 2519 1780 2581 mortalis
1813 2519 2200 2581 habendast.

505 2629 766 2705 —quod
796 2628 851 2690 si
883 2627 1057 2690 forte
1087 2635 1284 2706 putas
1315 2627 1528 2705 ipsam
1558 2648 1624 2689 sc
1656 2647 1840 2705 posse
1872 2648 1991 2705 per
2024 2635 2213 2690 artus

591 2719 917 2800 introsum
947 2739 1210 2801 trahere
1244 2744 1309 2801 et
1340 2737 1555 2815 partis
1584 2738 1947 2800 conducere
1979 2737 2051 2798 in
2082 2757 2290 2800 unum

591 2853 788 2924 atque
827 2845 975 2909 ideo
1009 2848 1264 2909 cunctis
1299 2867 1561 2910 sensum
1597 2846 1909 2910 diducere
1946 2846 2272 2922 membris,

592 2964 661 3019 at
691 2957 870 3020 locus
901 2957 1011 3020 ille
1042 2963 1281 3033 tamen,
1316 2977 1446 3033 quo
1475 2956 1665 3033 copia
1696 2963 1887 3018 tanta
1919 2955 2166 3018 animai

591 3066 866 3144 cogitur,
905 3066 975 3128 in
1010 3087 1205 3129 sensu
1241 3067 1432 3129 debet
1469 3065 1713 3128 maiore
1749 3065 2001 3142 uideri3

590 3176 705 3254 qui
739 3176 1047 3254 quoniam
1080 3182 1488 3253 nusquamst,
1525 3175 1841 3237 nimirum
1875 3182 1953 3238 ut
1985 3175 2276 3237 diximus
2317 3182 2651 3253 <ante>,

591 3285 917 3349 dilaniata
947 3285 1128 3348 foras
1159 3285 1594 3363 dispargitur,
1629 3284 1859 3347 interit
1892 3304 2065 3362 erg0.

558 3395 753 3474 (quin
787 3395 986 3459 etiam
1019 3396 1074 3458 si
1109 3396 1240 3458 iam
1274 3396 1476 3458 libeat
1511 3396 1861 3457 concedere
1896 3393 2141 3457 falsum

592 3512 655 3568 et
686 3506 844 3568 dare
874 3525 1059 3584 posse
1089 3506 1375 3568 animam
1407 3504 1760 3582 glomerari
1789 3504 1859 3564 in
1892 3523 2163 3581 corpore
2194 3523 2436 3580 eorum,

589 3615 843 3679 lumina
880 3615 995 3693 qui
1032 3616 1290 3677 lincunt
1328 3613 1709 3676 moribundi
1746 3612 2221 3690 particulatim,

589 3726 933 3788 mortalem
966 3732 1186 3787 tamen
1222 3743 1354 3786 esse
1392 3723 1680 3786 animam
1714 3721 1969 3785 fateare
2004 3742 2279 3800 necesse,

588 3856 706 3898 nec
737 3834 947 3898 refert
974 3842 1204 3897 utrum
1233 3840 1462 3911 pereat
1494 3833 1793 3910 dispersa
1823 3853 1944 3910 per
1974 3853 2171 3895 auras

611 3967 711 4015 531
733 3966 878 4026 vulg.
910 3963 1065 4028 atqui

612 4033 713 4083 535
733 4034 879 4094 vulg.
912 4033 1173 4083 deducere

1596 4166 1710 4217 [98]

2803 599 2899 649 515

2806 1148 2899 1197 520

2806 1696 2902 1745 525

2808 2294 2904 2346 530

2806 2828 2906 2894 535

2682 3353 2687 3358 ”
2796 3393 2894 3442 540
