3182 4602
1142 417 1244 468 DE
1280 416 1544 468 RERVM
1579 415 1891 468 NATVRA
1928 415 1998 468 ΙΙ

538 648 815 707 corpora
851 629 1068 709 prima
1103 630 1339 708 tribus,
1375 632 1480 695 vel
1515 633 1719 710 paulo
1753 632 2062 711 pluribus
2096 653 2298 710 auge3

537 759 771 817 nempe
801 739 918 802 ubi
946 760 1056 804 eas
1086 741 1300 819 partis
1327 741 1529 805 unius
1559 742 1855 820 corporis
1884 742 2113 819 omnis,

537 869 791 913 summa
823 855 1022 929 atque
1055 849 1187 915 ima
1218 851 1458 928 locans,
1492 856 1949 916 transmutans
1982 853 2254 916 dextera
2287 850 2514 928 laeuis,

537 959 927 1022 omnimodis
960 966 1275 1038 expertus
1305 959 1452 1038 eris,
1487 981 1686 1039 quam
1717 960 1993 1040 quisque
2025 961 2142 1024 det
2176 961 2339 1024 ordo

537 1067 781 1133 formai
814 1069 1095 1147 speciem
1126 1070 1335 1134 totius
1365 1070 1663 1149 corporis
1693 1070 1851 1148 eius,
2748 1067 2847 1117 490

539 1179 714 1256 quod
745 1185 1064 1257 superest,
1095 1179 1152 1242 si
1182 1179 1357 1242 forte
1387 1180 1570 1243 uoles
1597 1180 1863 1244 uariare
1894 1179 2161 1259 figuras,

539 1288 917 1351 addendum
950 1289 1164 1367 partis
1196 1289 1360 1353 alias
1393 1289 1554 1366 erit;
1588 1289 1744 1352 inde
1777 1297 2107 1367 sequetur,

540 1397 828 1460 adsimili
861 1399 1117 1462 ratione
1152 1398 1316 1462 alias
1349 1406 1426 1462 ut
1459 1400 1750 1478 postulet
1782 1400 1962 1476 ordo,

537 1506 594 1569 si
623 1515 702 1571 tu
732 1507 907 1570 forte
938 1509 1119 1571 uoles
1149 1509 1349 1572 etiam
1377 1509 1643 1573 uariare
1675 1508 1941 1587 figuras.

454 1636 698 1694 ——ergo
729 1617 1096 1682 formarum
1131 1618 1497 1682 nouitatem
1530 1618 1824 1696 corporis
1858 1639 2139 1696 augmen
2750 1615 2851 1664 495

539 1727 981 1805 subsequitur.
1058 1747 1262 1806 quare
1293 1748 1428 1791 non
1461 1733 1558 1790 est
1590 1735 1669 1791 ut
1702 1729 1967 1791 credere
1998 1727 2209 1807 possis

540 1856 675 1900 esse
703 1835 983 1900 infinitis
1008 1837 1331 1901 distantia
1358 1838 1611 1901 semina
1635 1837 1887 1914 formiS,

539 1966 620 2007 ne
654 1948 974 2024 quaedam
1007 1967 1198 2026 cogas
1229 1947 1482 2010 inmani
1513 1947 1923 2010 maximitate

539 2075 694 2132 esse,
724 2077 932 2134 supra
960 2057 1135 2134 quod
1163 2057 1296 2120 iam
1325 2057 1520 2120 docui
1548 2077 1682 2118 non
1713 2076 1899 2134 posse
1930 2056 2219 2134 probari.

457 2165 673 2229 —iam
703 2165 828 2228 tibi
861 2166 1243 2229 barbaricae
1275 2173 1489 2229 uestes
1523 2165 1971 2243 Meliboeaque
2008 2165 2274 2243 fulgens
2754 2163 2865 2212 500·

540 2295 848 2355 purpura
886 2275 1255 2340 Thessalico
1289 2276 1687 2339 concharum
1722 2275 1934 2339 tincta
1968 2276 2199 2353 colore,

541 2406 744 2449 aurea
774 2406 1109 2464 pauonum
1141 2386 1387 2448 ridenti
1421 2385 1679 2464 imbuta
1704 2386 1926 2464 lepore

540 2496 771 2572 saecla,
802 2515 978 2558 nouo
1005 2516 1230 2559 rerum
1260 2502 1574 2574 superata
1606 2496 1819 2559 colore
1848 2495 2157 2572 iacerent,

542 2612 607 2667 et
641 2612 1057 2683 contemptus
1089 2606 1250 2668 odor
1284 2625 1589 2682 smyrnae
1626 2604 1964 2683 mellisque
1998 2624 2282 2682 sapores,

542 2721 606 2778 et
638 2734 879 2791 cycnea
907 2714 1070 2777 mele
1100 2715 1526 2792 Phoebeaque
1558 2715 1837 2777 daedala
1869 2714 2130 2777 chordis
2755 2711 2855 2761 505

541 2824 836 2887 carmina
870 2824 1192 2887 consimili
1225 2824 1480 2887 ratione
1516 2844 1830 2902 oppressa
1861 2823 2149 2886 silerent.

542 2954 825 3011 ‘namque
858 2933 1006 2997 aliis
1040 2934 1222 2997 aliud
1258 2934 1707 3012 praestantius
1740 2940 2140 2997 exoreretur.

457 3044 768 3106 ——cedere
798 3043 957 3106 item
988 3048 1166 3107 retro
1195 3049 1461 3121 possent
1490 3042 1562 3104 in
1594 3042 1950 3105 deteriores

542 3152 763 3216 omnia
792 3152 884 3215 sic
916 3152 1147 3231 partiS,
1177 3159 1254 3215 ut
1287 3152 1574 3216 diximus
1604 3152 1676 3213 in
1704 3151 1993 3215 melioris

512 3264 826 3340 (namque
858 3262 1008 3325 aliis
1038 3261 1221 3325 aliud
1254 3268 1435 3325 retro
1463 3281 1721 3339 quoque
1751 3261 2033 3324 taetrius
2065 3268 2231 3325 esset
2755 3258 2853 3309 510

541 3372 817 3435 naribus
847 3371 1120 3435 auribus
1151 3377 1349 3448 atque
1382 3370 1586 3433 oculis
1619 3370 1878 3448 orisque
1910 3370 2196 3448 sapori).

458 3502 711 3560 —quae
747 3480 1057 3556 quoniam
1092 3501 1225 3543 non
1259 3485 1435 3557 sunt,
1481 3481 1742 3551 <sed>
1789 3480 1983 3544 rebus
2016 3479 2283 3543 reddita
2315 3486 2497 3544 certa

541 3591 692 3653 finis
720 3590 1055 3668 utrimque
1083 3597 1265 3653 tenet
1295 3610 1634 3666 summam,
1668 3588 1924 3653 fateare
1955 3596 2273 3653 necessest

543 3701 883 3764 materiem
919 3720 1177 3777 quoque
1211 3699 1419 3762 finitis
1455 3698 1725 3762 differre
1757 3698 2008 3776 figuris,

457 3811 825 3887 —denique
861 3811 941 3873 ab
976 3809 1243 3887 ignibus
1278 3809 1362 3872 ad
1400 3808 1653 3886 gelidas
1686 3809 1957 3871 brumae
1992 3828 2199 3887 usque
2236 3808 2517 3886 pruinas
2753 3806 2853 3856 515

540 3920 867 3984 finitumst
899 3925 1208 3997 retroque
1243 3918 1393 3997 pari
1427 3918 1685 3981 ratione
1719 3925 2105 3981 remensust.

565 4052 665 4101 501
688 4054 848 4102 tecta
909 4050 1008 4100 alii
1038 4050 1150 4099 alia

567 4120 669 4168 515
688 4116 984 4181 hiemisque
1054 4117 1200 4178 ναῖς.
1235 4116 1349 4167 iter
1383 4130 1560 4179 usque

1554 4199 1668 4249 [56]
