3182 4602
1159 859 1231 922 r1¹.
1265 858 1661 923 LVCRETI
1701 857 1917 922 CARI

982 1038 1134 1115 DE
1175 1037 1584 1114 RERVM
1622 1036 2097 1113 NATVRA

1269 1215 1476 1277 Lmen
1507 1214 1812 1293 QVARTVS

451 1492 608 1542 SIBI
641 1491 1254 1543 IVCVNDISSIMVM
1287 1491 1468 1541 ESSE
1503 1491 1703 1556 QVOD
1737 1490 2044 1541 CLARAM
2076 1489 2332 1541 LVGEM
2365 1487 2846 1540 MORTALIBVS

1445 1576 1844 1626 OSTENDA'I'

660 1665 839 1729 Auia
875 1664 1218 1728 Pieridum
1253 1685 1536 1744 peragro
1568 1666 1713 1729 loca
1745 1664 1996 1728 nullius
2030 1670 2183 1728 ante

535 1774 701 1839 trita
734 1776 886 1852 solo,
923 1775 1114 1839 iuuat
1149 1775 1442 1853 integros
1475 1776 1780 1839 accedere
1818 1774 2025 1841 fontis

537 1892 735 1962 atque
767 1884 1058 1961 haurire,
1095 1885 1414 1962 iuuatque
1451 1905 1657 1948 nouos
1692 1885 2041 1962 decerpere
2076 1884 2266 1947 flores

538 1994 990 2072 insignemque
1023 2014 1167 2057 meo
1200 1994 1407 2072 capiti
1441 2001 1665 2073 petere
1700 1994 1855 2058 inde
1892 2014 2197 2056 coronam

537 2105 715 2168 unde
747 2103 937 2183 prius
965 2104 1136 2166 nulli
1166 2104 1459 2168 uelarint
1489 2110 1791 2182 tempora
1821 2124 2078 2179 musae3
2818 2099 2848 2147 5

538 2214 830 2291 primum
863 2214 1036 2291 quod
1069 2214 1326 2292 magnis
1356 2214 1557 2276 doceo
1588 2215 1668 2276 de
1701 2215 1896 2276 rebus
1928 2220 1992 2275 et
2025 2212 2190 2276 artis

538 2325 932 2403 religionum
968 2325 1261 2388 animum
1296 2324 1487 2387 nodis
1523 2325 1857 2388 exsoluere
1895 2343 2117 2402 perg0,

540 2434 778 2498 deinde
809 2436 985 2512 quod
1017 2436 1294 2498 obscura
1321 2435 1402 2496 de
1431 2455 1502 2498 re
1533 2441 1671 2497 tam
1701 2433 1925 2497 lucida
1952 2452 2172 2511 pango

541 2544 853 2621 carmina,
887 2564 1153 2607 musaeo
1182 2544 1568 2621 contingens
1602 2549 1843 2606 cuncta
1871 2544 2111 2620 lepore.

456 2654 609 2715 -1(1
644 2673 900 2732 quoque
932 2654 1105 2716 enim
1134 2674 1269 2716 non
1299 2655 1380 2716 ab
1412 2655 1599 2716 nulla
1630 2653 1885 2717 ratione
1914 2653 2221 2728 uidetur-3
2791 2648 2852 2698 10

542 2784 696 2826 nam
729 2763 942 2826 ueluti
978 2763 1204 2841 pueris
1236 2763 1573 2841 apsinthia
1606 2770 1824 2826 taetra
1856 2763 2189 2825 medentes

542 2894 690 2936 cum
723 2874 880 2937 dare
914 2879 1257 2949 conantur,
1290 2872 1481 2951 prius
1512 2893 1661 2935 oras
1693 2873 1928 2950 pocula
1960 2871 2208 2934 circum

543 2982 939 3059 contingunt
972 2983 1183 3044 mellis
1217 2981 1397 3045 dulci
1433 2982 1736 3060 flauoque
1771 2981 2044 3059 liquore,

541 3098 619 3155 ut
655 3112 1013 3170 puerorum
1050 3098 1230 3154 aetas
1265 3091 1626 3169 inprouida
1658 3090 2038 3154 ludificetur

543 3203 879 3264 labrorum
913 3206 1124 3277 tenuS‚
1161 3200 1416 3264 interea
1448 3207 1752 3279 perpotet
1787 3221 2084 3263 amarum
2793 3198 2856 3246 15

545 3311 839 3389 apsinthi
870 3310 1132 3374 laticem
1162 3311 1566 3388 deceptaque
1600 3329 1732 3372 non
1764 3309 2090 3387 capiatur,

544 3422 658 3484 sed
695 3420 918 3499 potius
951 3419 1072 3482 tali
1107 3426 1304 3498 pacto
1336 3427 1635 3482 recreata
1664 3420 1975 3495 ualescat,

545 3531 636 3593 sic
669 3549 786 3608 ego
816 3549 1012 3606 nunc,
1047 3529 1356 3606 quoniam
1387 3530 1545 3591 haec
1577 3528 1750 3591 ratio
1780 3529 2168 3606 plerumque
2200 3527 2475 3592 uidetur

544 3639 801 3705 tristior
834 3659 968 3703 esse
999 3638 1238 3716 quibus
1266 3658 1398 3700 non
1432 3645 1528 3701 est
1558 3643 1867 3714 tractata,
1902 3644 2209 3716 retroque

544 3751 780 3826 uolgus
813 3749 1121 3812 abhorret
1153 3749 1233 3811 ab
1265 3749 1406 3823 hac,
1439 3747 1625 3809 uolui
1655 3746 1779 3809 tibi
1811 3747 2303 3824 suauiloquenti
2792 3745 2854 3794 20

545 3859 834 3922 carmine
868 3857 1086 3920 Pierio
1121 3856 1443 3920 rationem
1477 3876 1802 3934 exponere
1836 3863 2130 3921 nostram

545 3975 610 4032 et
645 3966 832 4046 quasi
863 3987 1129 4030 musaeo
1159 3965 1338 4029 dulci
1371 3965 1749 4044 contingere
1781 3967 1989 4042 melle,

1535 4154 1685 4208 [1181
