3182 4602
1151 407 1212 456 T.
1250 406 1575 457 LVGRETI
1612 406 1791 457 CARI

411 621 573 699 quid
599 622 810 699 magis
834 622 939 684 his
966 623 1163 684 rebus
1190 628 1451 699 poterat
1479 620 1781 684 mirabile
1812 620 1944 683 dici
2586 615 2723 664 1035

413 737 528 794 aut
559 730 779 794 minus
811 738 963 795 ante
996 732 1171 809 quod
1203 732 1525 794 auderent
1556 730 1702 794 fore
1736 731 1999 793 credere
2031 732 2298 807 gentes?

409 840 526 918 nil,
560 848 636 903 ut
669 841 936 919 opinor:
972 840 1066 904 ita
1097 842 1256 904 haec
1288 840 1535 919 species
1565 840 1873 902 miranda
1905 838 2160 901 fuisset.

382 950 612 1028 (quam
640 950 765 1013 tibi
795 950 926 1013 iam
957 971 1164 1027 nemo,
1198 950 1411 1013 fessus
1443 949 1680 1013 satiate
1712 948 2005 1025 uidendi,

412 1060 741 1137 suspicere
773 1060 844 1121 in
876 1059 1038 1122 caeli
1067 1060 1390 1138 dignatur
1419 1058 1642 1121 lucida
1674 1059 1921 1136 templa
1942 1058 1988 1134 1)

327 1170 636 1233 —desine
666 1176 1074 1248 quapropter
1104 1170 1402 1232 nouitate
1434 1167 1792 1232 exterritus
1823 1167 1968 1245 ipsa
2589 1163 2725 1212 1040

413 1299 697 1357 expuere
731 1299 810 1340 ex
842 1279 1061 1342 animo
1094 1278 1434 1355 rationem,
1468 1278 1582 1340 sed
1615 1276 1825 1355 magis
1858 1276 1996 1339 acri

414 1388 660 1451 iudicio
687 1390 1022 1467 perpende
1053 1395 1135 1465 et,
1167 1388 1224 1450 si
1250 1387 1375 1451 tibi
1403 1408 1564 1450 uera
1593 1386 1931 1463 uidentur,

416 1498 577 1560 dede
609 1518 862 1574 manus,
898 1503 1034 1574 aut,
1068 1497 1125 1560 si
1156 1496 1400 1559 falsum
1433 1504 1548 1573 est,
1584 1495 1923 1574 accingere
1957 1502 2206 1559 contra.

416 1607 674 1686 quaerit
707 1607 880 1671 enim
914 1606 1237 1669 rationem
1271 1606 1546 1683 animuS‚
1581 1627 1730 1669 cum
1762 1626 2014 1668 summa
2045 1604 2171 1667 loci
2203 1604 2289 1667 sit

417 1716 677 1780 infinita
711 1716 878 1779 foris
907 1718 1065 1779 haec
1099 1723 1287 1779 extra
1318 1716 1575 1779 moenia
1607 1715 1860 1791 mundi,
2591 1712 2727 1760 1045

417 1825 577 1903 quid
607 1826 694 1888 sit
726 1826 819 1888 ibi
851 1846 1052 1903 porro
1079 1846 1211 1903 quo
1239 1825 1615 1904 prospicere
1647 1845 1854 1902 usque
1885 1824 2049 1887 uelit
2080 1844 2263 1887 mens

418 1941 612 2013 atque
650 1936 855 1999 animi
889 1935 1101 1998 iactus
1136 1935 1301 1997 liber
1339 1954 1470 2013 quo
1502 1935 1801 2012 peruolet
1835 1934 2028 2012 ipse.)

763 2292 984 2344 OMNE
1029 2294 1453 2344 INFINITVM
1496 2294 1584 2344 IN
1628 2292 1872 2344 OMNIS
1916 2292 2189 2343 PARTIS

541 2383 886 2461 Principio
914 2383 1101 2446 nobis
1131 2383 1202 2445 in
1234 2390 1505 2447 cunctas
1533 2383 1829 2461 undique
1862 2382 2075 2461 partis

417 2499 481 2554 et
508 2494 712 2555 latere
744 2514 822 2556 ex
852 2500 1132 2570 utroque
1174 2503 1526 2571 <supra>
1567 2499 1927 2570 supterque
1957 2512 2075 2570 per
2107 2512 2295 2555 omne

417 2603 604 2665 nulla
632 2609 728 2665 est
757 2601 941 2679 finis3
972 2603 1076 2664 uti
1106 2603 1318 2679 docui,
1348 2623 1452 2665 res
1481 2602 1755 2680 ipsaque
1786 2623 1905 2680 per
1935 2622 2001 2666 se
2593 2599 2728 2647 1050

417 2711 847 2788 uociferatur,
880 2718 944 2773 et
976 2713 1187 2775 elucet
1217 2719 1461 2774 natura
1493 2710 1838 2789 profundi.

418 2822 603 2883 nullo
629 2821 761 2884 iam
791 2828 985 2899 pacto
1013 2821 1159 2884 ueri
1187 2820 1396 2884 simile
1428 2841 1562 2884 esse
1594 2821 2051 2898 putandumst,

418 2929 712 3008 undique
744 2951 891 2992 cum
923 2950 1192 2993 uorsum
1223 2930 1514 3008 spatium
1547 2937 1739 2992 uacet
1772 2929 2108 2992 infinitum

417 3039 793 3117 seminaque
826 3039 1174 3102 innumero
1203 3059 1480 3102 numero
1509 3060 1892 3116 summaque
1925 3039 2266 3117 profunda

418 3149 826 3211 multimodis
857 3149 1141 3212 uolitent
1175 3156 1444 3211 aeterno
1476 3149 1730 3226 percita
1761 3156 1963 3226 motu,
2595 3147 2732 3196 1055

418 3259 594 3321 hunc
627 3279 835 3321 unum
867 3266 1201 3321 terrarum
1236 3259 1455 3321 orbem
1491 3259 1872 3336 caelumque
1906 3266 2218 3336 creatum,

421 3367 517 3429 nil
546 3387 738 3445 agere
768 3368 883 3430 illa
913 3367 1081 3430 foris
1107 3374 1207 3430 tot
1237 3388 1515 3444 corpora
1543 3367 1867 3430 materiai.

1129 3472 1458 3523 AIIEIPOS
1505 3473 1829 3524 MVNDVS

423 3582 570 3624 cum
604 3561 993 3640 praesertim
1024 3561 1131 3624 hic
1164 3561 1250 3623 sit
1283 3569 1528 3625 natura
1561 3561 1800 3638 factu8‚
1836 3569 1898 3624 et
1933 3562 2078 3639 ipsa

423 3677 655 3748 sponte
687 3691 807 3734 sua
841 3670 1016 3734 forte
1049 3672 1434 3734 offensando
1465 3671 1717 3734 semina
1747 3692 1988 3748 rerum,

422 3779 827 3842 multimodis
859 3787 1100 3842 temere
1136 3781 1464 3843 incassum
1499 3780 1886 3859 frustraque
1921 3787 2163 3858 coacta,
2598 3778 2735 3828 1060

423 3890 691 3952 tandem
725 3890 1090 3966 coluerunt,
1126 3911 1202 3953 ea
1235 3910 1403 3966 quae
1437 3889 1733 3952 coniecta
1764 3896 2035 3967 repente

423 4019 814 4075 magnarum
844 4018 1066 4060 rerum
1095 3998 1329 4061 fierent
1361 3999 1631 4062 exordia
1661 4019 1935 4076 semper,

1431 4179 1546 4233 [75]
