3182 4602
1169 403 1270 453 DE
1306 402 1572 453 RERVM
1608 402 1918 453 NATVRA
1956 402 2044 451 11⁷

497 615 820 680 —deinde
853 615 1072 680 cibum
1102 617 1403 695 sequitur
1433 637 1719 695 somnu8‚
1753 618 1928 696 quia,
1962 638 2128 696 quae
2160 617 2326 681 facit
2359 636 2491 694 aer,

582 727 740 789 haec
773 728 998 789 eadem
1029 727 1230 803 cibus,
1263 727 1334 789 in
1362 748 1567 791 uenas
1596 728 1759 790 dum
1788 727 2048 790 diditur
2079 727 2305 803 omnis,
2798 722 2900 771 955

583 836 795 899 efficit.
871 842 938 899 et
967 838 1178 900 multo
1207 856 1401 915 sopor
1434 837 1543 898 ille
1576 836 2009 916 grauissimus
2040 842 2254 899 exstat

583 966 774 1023 quem
806 953 994 1009 satur
1024 954 1141 1010 aut
1171 948 1382 1009 lassus
1413 947 1656 1025 capias,
1690 947 1846 1024 quia
1878 945 2171 1025 plurima
2197 951 2342 1009 tum
2371 966 2439 1009 se

582 1075 860 1134 corpora
890 1058 1290 1120 conturbant
1322 1076 1562 1134 magno
1590 1062 1867 1119 contusa
1896 1056 2136 1119 labore.

581 1166 672 1243 fit
709 1166 965 1229 ratione
1000 1167 1226 1229 eadem
1260 1166 1593 1230 coniectus
1629 1173 1820 1245 parte
1859 1165 2105 1229 animai

583 1275 798 1351 altior,
832 1282 1028 1353 atque
1062 1275 1244 1338 foras
1273 1276 1519 1339 eiectus
1547 1275 1797 1353 largior
1830 1275 1988 1349 eius,
2800 1270 2896 1320 960

583 1390 650 1448 et
683 1384 962 1447 diuisior
995 1385 1170 1448 inter
1203 1406 1270 1448 se
1305 1406 1379 1449 ac
1413 1384 1796 1448 distractior
1830 1385 2031 1448 intus,

1410 1576 1510 1625 DE
1549 1575 1865 1625 SOMNIIS

710 1664 801 1726 Et
836 1683 966 1740 quo
1000 1663 1274 1742 quisque
1310 1663 1450 1727 fere
1486 1664 1711 1727 studio
1741 1664 2092 1727 deuinctus
2127 1664 2442 1727 adhaeret

584 1780 701 1836 aut
732 1773 971 1850 quibus
1001 1773 1072 1835 in
1101 1775 1300 1836 rebus
1327 1774 1611 1837 multum
1642 1794 1868 1836 sumus
1899 1780 2052 1837 ante
2082 1772 2323 1837 morati

585 1890 782 1960 atque
818 1882 887 1944 in
924 1904 1001 1946 ea
1031 1883 1288 1946 ratione
1324 1882 1459 1946 fuit
1496 1890 1806 1946 contenta
1839 1883 2047 1960 magis
2082 1902 2283 1959 menS,

582 1993 652 2053 in
682 1993 925 2055 somnis
959 1994 1185 2055 eadem
1216 1994 1603 2071 plerumque
1637 1992 1945 2056 uidemur
1978 1992 2175 2055 obire.
2798 1988 2896 2038 965

497 2102 899 2165 —causidici
933 2122 1162 2165 causas
1199 2122 1391 2180 agere
1427 2110 1491 2166 et
1527 2122 1915 2180 componere
1951 2103 2143 2179 leges,

584 2212 1089 2289 induperatores
1125 2233 1426 2291 pugnare
1464 2233 1538 2275 ac
1575 2212 1829 2289 proelia
1864 2212 2061 2288 obire,

582 2330 826 2386 nautae
861 2330 1273 2386 contractum
1308 2343 1456 2385 cum
1491 2323 1711 2385 uentis
1745 2324 1980 2400 degere
2014 2323 2328 2398 duellum,

581 2453 703 2495 nos
731 2453 923 2510 agere
956 2434 1076 2495 hoc
1108 2440 1328 2496 autem
1363 2440 1426 2496 et
1458 2440 1771 2495 naturam
1806 2452 2119 2509 quaerere
2151 2452 2373 2495 rerum

583 2563 839 2620 semper
875 2550 940 2605 et
974 2542 1314 2605 inuentam
1352 2542 1590 2620 patriis
1629 2562 1952 2620 exponere
1988 2542 2253 2604 chartis.
2800 2538 2896 2588 970

584 2659 801 2715 cetera
829 2652 920 2714 sic
950 2652 1173 2715 studia
1203 2659 1400 2729 atque
1433 2659 1608 2715 artes
1640 2653 2028 2729 plerumque
2058 2651 2378 2714 uidentur

584 2762 654 2823 in
686 2761 927 2825 somnis
960 2761 1210 2825 animos
1239 2762 1579 2824 hominum
1613 2761 1947 2824 frustrata
1976 2769 2216 2824 tenere.

497 2879 651 2934 —et
681 2871 1074 2948 quicumque
1110 2871 1247 2934 dies
1280 2872 1521 2934 multos
1556 2892 1636 2933 ex
1670 2870 1900 2934 ordine
1933 2871 2111 2933 ludis

585 2980 896 3044 adsiduas
929 2982 1256 3044 dederunt
1292 3000 1540 3059 operaS‚
1578 2982 1967 3058 plerumque
2000 2980 2321 3057 uidemus,

584 3112 734 3154 cum
762 3091 894 3154 iam
924 3090 1325 3154 destiterunt
1356 3111 1432 3154 ea
1460 3091 1761 3154 sensibus
1786 3110 2133 3168 usurpare,
2798 3088 2894 3136 975

582 3201 864 3264 relicuas
895 3207 1117 3264 tamen
1149 3220 1283 3263 esse
1314 3200 1463 3263 uias
1492 3200 1562 3261 in
1596 3207 1813 3264 mente
1845 3199 2156 3278 patentiS,

585 3331 717 3387 qua
750 3310 1003 3388 possint
1037 3310 1262 3372 eadem
1298 3329 1519 3372 rerum
1553 3309 1909 3372 simulacra
1943 3309 2191 3372 uenire.

584 3441 704 3499 per
735 3421 976 3482 multos
1009 3419 1233 3496 itaque
1266 3419 1382 3482 illa
1411 3419 1553 3482 dies
1585 3420 1811 3482 eadem
1843 3420 2281 3482 obuersantur

585 3536 737 3592 ante
772 3531 1008 3605 oculo&
1044 3529 1242 3591 etiam
1273 3529 1630 3605 uigilantes
1664 3534 1740 3590 ut
1773 3528 2133 3591 uideantur

584 3660 847 3703 cernere
881 3638 1187 3702 saltantis
1220 3645 1284 3702 et
1316 3638 1542 3701 mollia
1571 3639 1864 3701 membra
1894 3637 2220 3700 mouentis
2794 3635 2889 3685 980

585 3756 648 3811 et
681 3749 972 3813 citharae
1004 3748 1334 3825 liquidum
1367 3767 1630 3811 carmen
1663 3748 2068 3824 chordasque
2100 3747 2430 3824 loquentis

584 3859 856 3922 auribus
887 3858 1181 3936 accipere
1213 3865 1277 3921 et
1308 3877 1679 3920 consessum
1710 3876 1974 3919 cernere
2007 3857 2288 3919 eundem

585 3968 928 4045 scenaique
964 3969 1159 4031 simul
1193 3967 1414 4030 uarios
1448 3967 1794 4044 splendere
1828 3966 2109 4029 decores,

607 4101 709 4149 959
729 4099 874 4159 ναῖς.
903 4097 1107 4161 partim

1575 4179 1722 4232 [152]
