3182 4602
1033 357 1135 407 DE
1174 358 1435 408 RERVM
1473 358 1781 408 NATVRA
1829 358 1908 408 VI

445 573 603 635 haec
636 592 892 650 quoque
923 592 1029 635 res
1058 572 1442 636 adiumento
1470 580 1781 651 motuque
1817 572 2111 650 iuuatur,

447 682 641 759 quod,
677 681 873 745 simul
906 703 945 746 a
981 681 1202 746 fronte
1236 688 1332 746 est
1366 683 1566 746 anelli
1601 683 1815 747 rarior
1850 704 1964 748 aer

449 791 670 855 factus
701 791 1126 870 inanitusque
1158 793 1339 857 locus
1372 793 1582 870 magis
1616 813 1690 856 ac
1723 799 2066 870 uacuatus‚
2628 789 2767 839 1025

445 901 760 964 continuo
790 901 865 965 fit
897 902 1000 965 uti
1032 902 1146 980 qui
1181 909 1329 980 post
1362 907 1458 965 est
1491 923 1769 980 cumque
1801 904 2054 966 locatus
2625 901 2763 950 1033

446 1031 559 1073 aer
591 1032 632 1075 a
659 1017 848 1088 tergo
877 1012 1066 1089 quasi
1096 1013 1421 1090 prouehat
1455 1019 1654 1089 atque
1686 1013 2035 1090 propellat.
2626 1008 2765 1059 1026

445 1141 702 1199 semper
739 1121 912 1184 enim
949 1121 1454 1200 circumpositus
1491 1143 1595 1184 res
1632 1123 1941 1185 uerberat
1978 1142 2124 1198 aer3

447 1231 559 1292 sed
593 1230 716 1294 tali
748 1231 824 1295 fit
857 1231 960 1294 uti
995 1233 1325 1310 propellat
1357 1239 1652 1310 tempore
1687 1231 1963 1309 ferrum,

449 1348 639 1418 parte
674 1342 850 1418 quod
884 1363 963 1405 ex
995 1363 1130 1404 una
1164 1342 1455 1421 spatium
1486 1349 1684 1405 uacat
1719 1349 1783 1405 et
1818 1341 1998 1420 capit
2033 1341 2104 1403 in
2138 1362 2224 1405 se.

448 1449 573 1526 hic,
605 1450 730 1514 tibi
760 1471 952 1529 quem
981 1472 1283 1528 memor0,
1319 1473 1436 1530 per
1469 1453 1699 1515 crebra
1732 1451 2062 1515 foramina
2095 1451 2263 1514 ferri
2630 1449 2767 1498 1030

448 1581 694 1638 paruas
725 1561 811 1622 ad
845 1561 1060 1639 partis
1089 1561 1422 1624 subtiliter
1455 1561 1835 1624 insinuatus

446 1669 665 1733 trudit
693 1677 757 1732 et
786 1669 1068 1748 inpellit,
1100 1671 1288 1748 quasi
1317 1691 1555 1734 nauem
1583 1672 1862 1748 uelaque
1892 1677 2152 1735 uentus.
2628 1669 2765 1718 1032

361 1778 731 1857 —denique
762 1800 864 1843 res
899 1800 1119 1843 omnes
1151 1781 1390 1844 debent
1423 1781 1493 1843 in
1527 1801 1799 1859 corpore
1832 1783 2073 1845 habere

449 1909 620 1966 aera,
656 1889 1190 1967 quandoquidem
1224 1911 1378 1953 raro
1408 1897 1566 1953 sunt
1600 1910 1872 1968 corpore
1906 1898 1970 1954 et
2003 1911 2117 1954 aer
2628 1890 2769 1939 1035

449 1999 749 2062 omnibus
784 2007 882 2063 est
917 2001 1116 2063 rebus
1149 1999 1601 2063 circumdatus
1636 2001 2125 2079 adpositusque.

450 2109 554 2172 hic
587 2109 815 2188 igitur,
850 2110 1117 2188 penitus
1150 2109 1266 2187 qui
1298 2110 1369 2170 in
1403 2109 1648 2173 ferrost
1682 2111 1948 2173 abditus
1982 2130 2111 2188 aer,

449 2219 726 2283 sollicito
761 2227 944 2282 motu
980 2240 1237 2297 semper
1274 2220 1562 2283 iactatur
1601 2240 1802 2298 eoque

448 2332 758 2393 uerberat
791 2331 1078 2394 anellum
1113 2330 1314 2394 dubio
1348 2332 1581 2409 procul
1617 2338 1680 2394 et
1714 2331 1840 2394 ciet
1873 2331 2090 2407 intus3

449 2440 697 2504 scilicet
731 2440 841 2504 ille
876 2442 1098 2504 eodem
1133 2440 1354 2504 fertur
1388 2461 1519 2518 quo
1552 2441 2026 2519 praecipitauit
2630 2441 2773 2491 1040

449 2551 581 2613 iam
617 2553 811 2613 semel
845 2556 909 2613 et
944 2558 1201 2628 partem
1237 2551 1308 2612 in
1342 2572 1623 2614 uacuam
1660 2551 2005 2614 conamina
2039 2551 2339 2630 sumpsit.

576 2660 692 2722 Fit
723 2680 981 2737 quoque
1013 2666 1090 2723 ut
1125 2682 1163 2724 a
1194 2660 1417 2739 lapide
1448 2663 1568 2723 hoc
1605 2660 1773 2724 ferri
1805 2668 2049 2724 natura
2082 2663 2346 2725 recedat

450 2770 806 2846 interdum,
846 2769 1079 2847 fugere
1117 2777 1314 2847 atque
1350 2771 1535 2848 sequi
1573 2778 1885 2833 consueta
1922 2770 2230 2833 uicissim.

453 2880 750 2943 exultare
785 2880 983 2942 etiam
1022 2879 1475 2943 Samothracia
1511 2880 1732 2944 ferrea
1765 2881 1909 2943 uidi

452 2996 516 3052 et
548 2996 849 3052 ramenta
879 2989 1076 3052 simul
1108 2989 1274 3052 ferri
1308 2990 1533 3052 furere
1567 2990 1749 3053 intus
1781 2990 2011 3053 ahenis
2633 2992 2775 3041 1045

451 3099 522 3160 in
551 3098 809 3177 scapiiS,
839 3099 1010 3176 lapis
1039 3098 1144 3162 hic
1176 3100 1449 3177 Magnes
1478 3121 1627 3162 cum
1659 3100 1964 3163 subditus
1995 3106 2194 3174 esset:

451 3230 656 3286 usque
692 3210 854 3272 adeo
888 3208 1120 3286 fugere
1155 3230 1194 3271 a
1228 3229 1386 3271 saxo
1419 3209 1658 3287 gestire
1692 3208 1982 3272 uidetur.

451 3339 600 3383 aere
636 3318 1031 3397 interposito
1062 3318 1394 3382 discordia
1429 3324 1622 3382 tanta
1659 3327 1925 3382 creatur

453 3435 806 3507 propterea
837 3427 996 3505 quia
1024 3428 1340 3490 nimirum
1373 3428 1563 3506 prius
1596 3435 1814 3492 aestus
1846 3428 1961 3491 ubi
1994 3430 2163 3492 aeris

452 3538 791 3617 praecepit
825 3538 1121 3616 ferrique
1155 3537 1301 3600 uias
1334 3538 1624 3615 possedit
1660 3544 1943 3615 apertas,
2633 3542 2776 3593 1050

453 3648 775 3727 posterior
807 3647 1052 3726 lapidis
1084 3646 1271 3710 uenit
1303 3655 1522 3710 aestus
1555 3655 1620 3710 et
1655 3648 1875 3710 omnia
1905 3649 2103 3726 plena

452 3759 711 3822 inuenit
742 3758 813 3819 in
846 3757 1026 3821 ferro
1054 3778 1266 3835 neque
1294 3758 1492 3820 habet
1524 3777 1656 3834 qua
1684 3763 1908 3821 tranet
1938 3764 2017 3821 ut
2048 3765 2221 3822 ante.

366 3869 711 3945 ——cogitur
748 3868 1068 3931 offensare
1105 3866 1314 3944 igitur
1351 3866 1746 3944 pulsareque
1784 3865 1990 3929 fluctu

454 3978 673 4042 ferrea
703 3984 888 4041 texta
919 3997 1070 4052 suo;
1106 3995 1238 4053 quo
1267 3981 1465 4054 pacto
1495 3975 1752 4054 respuit
1786 3978 1867 4039 ab
1901 3996 1967 4040 se

1442 4132 1588 4183 [250]
