3182 4602
1227 483 1288 532 Τ.
1325 482 1651 534 LVGBETI
1687 483 1865 536 CARI

399 696 643 759 —haec
674 695 882 775 igitur
909 697 1141 775 minui,
1174 719 1323 761 cum
1352 698 1486 762 sint
1517 697 1783 776 detrita,
1816 699 2137 763 uidemus.

485 806 599 868 sed
630 825 797 884 quae
828 826 1107 886 corpora
1135 808 1457 872 decedant
1489 808 1560 870 in
1591 814 1885 887 tempore
1917 829 2193 887 quoque,

484 914 719 979 inuida
752 917 1112 995 praeclusit
1143 917 1424 996 speciem
1456 925 1704 982 natura
1735 918 2030 982 uidendi.

400 1031 813 1103 —postremo
850 1047 1298 1104 quaecumque
1332 1027 1471 1090 dies
1504 1035 1879 1106 naturaque
1914 1029 2111 1091 rebus

485 1135 811 1214 paulatim
849 1134 1106 1212 tribuit,
1144 1137 1534 1200 moderatim
1571 1157 1858 1202 crescere
1895 1158 2149 1216 cogens,

484 1245 675 1308 nulla
705 1251 921 1323 potest
951 1247 1289 1310 oculorum
1321 1232 1490 1310 acies
1523 1253 1833 1310 contenta
1864 1247 2076 1324 tueri3

484 1374 605 1417 nec
638 1374 837 1432 porro
871 1375 1315 1432 quaecumque
1350 1376 1512 1419 aeuo
1543 1355 1877 1434 macieque
1911 1362 2275 1433 senescunt,

487 1484 625 1541 nec,
659 1484 839 1528 mare
874 1484 1040 1542 quae
1075 1465 1460 1543 inpendent,
1496 1485 1691 1528 uesco
1722 1466 1855 1530 sale
1891 1487 2054 1529 saxa
2084 1486 2314 1544 peresa

488 1573 648 1650 quid
684 1594 941 1652 quoque
975 1574 1287 1638 amittant
1321 1575 1390 1636 in
1425 1582 1720 1653 tempore
1754 1595 2019 1639 cernere
2053 1576 2279 1654 possis,

392 1683 872 1761 .—corporibus
905 1683 1110 1746 caecis
1144 1683 1352 1761 igitur
1383 1692 1629 1748 natura
1664 1685 1836 1762 gerit
1869 1705 1991 1748 res,

612 1962 746 2025 Nec
776 1968 996 2026 tamen
1026 1963 1322 2040 undique
1354 1984 1669 2042 corporea
1699 1964 1947 2042 stipata
1979 1970 2293 2028 tenentur

489 2072 707 2135 omnia
738 2078 1016 2149 natura3
1049 2093 1332 2150 namque
1362 2081 1457 2137 est
1488 2073 1560 2135 in
1593 2074 1788 2136 rebus
1822 2073 2036 2137 inane.

457 2183 666 2259 (quod
696 2182 820 2244 tibi
854 2203 1157 2260 cognosse
1189 2182 1259 2244 in
1291 2183 1518 2246 multis
1550 2183 1678 2246 erit
1709 2182 1873 2248 utile
1906 2185 2102 2246 rebus

487 2313 606 2356 nec
637 2291 806 2356 sinet
841 2298 1171 2357 errantem
1204 2292 1511 2357 dubitare
1545 2300 1610 2357 et
1644 2314 1957 2371 quaerere
1990 2314 2246 2373 semper

489 2401 570 2465 de
599 2423 855 2465 summa
883 2422 1105 2465 rerum
1137 2408 1202 2464 et
1231 2403 1474 2465 nostris
1504 2403 1797 2465 diffidere
1830 2403 2078 2480 dietis.)

1359 2509 1459 2559 DE
1498 2509 1733 2558 INANI

402 2603 915 2675 —quapropter,
948 2598 1127 2659 locus
1160 2604 1254 2660 est
1285 2597 1576 2660 intactus
1608 2597 1804 2661 inane
1835 2617 2207 2675 uacansque
2228 2646 2243 2664 .

490 2706 663 2785 quod
695 2705 750 2767 si
781 2725 912 2769 non
945 2712 1127 2782 esset,
1161 2707 1348 2769 nulla
1378 2707 1634 2769 ratione
1665 2707 1916 2769 moueri

489 2836 593 2879 res
628 2822 925 2893 possent3
961 2836 1242 2893 namque
1278 2815 1556 2878 officium
1591 2817 1768 2893 quod
1802 2816 2095 2894 corporis
2131 2822 2363 2893 exstat,

490 2926 739 2989 officere
773 2932 970 3002 atque
1004 2926 1280 3002 obstare,
1315 2924 1384 2987 id
1417 2925 1488 2986 in
1521 2924 1698 2987 omni
1729 2932 2023 3004 tempore
2057 2927 2311 2989 adesset

489 3035 822 3112 omnibus;
854 3035 1034 3097 haud
1065 3034 1275 3111 igitur
1308 3034 1660 3112 quicquam
1693 3036 2043 3112 procedere
2074 3041 2311 3113 posset,

490 3145 894 3224 principium
929 3144 1238 3221 quoniam
1275 3144 1550 3207 cedendi
1584 3144 1772 3206 nulla
1808 3145 1996 3207 daret
2032 3164 2154 3207 res,

489 3262 559 3318 at
590 3275 768 3317 nunc
802 3274 920 3331 per
952 3252 1164 3316 maria
1197 3274 1272 3316 ac
1303 3260 1517 3315 terras
1549 3252 1958 3330 sublimaque
1993 3253 2157 3316 caeli
2223 3280 2228 3285 ·

487 3364 698 3425 multa
729 3363 940 3425 modis
970 3362 1197 3425 multis
1229 3362 1420 3425 uaria
1454 3361 1711 3425 ratione
1743 3362 1995 3425 moueri

489 3472 817 3535 cernimus
851 3450 1003 3535 ante
1037 3472 1288 3547 oculos;
1323 3492 1508 3548 quae,
1544 3470 1601 3533 si
1633 3491 1766 3534 non
1799 3477 1965 3534 esset
1998 3471 2214 3548 inane,

488 3604 620 3648 non
652 3589 789 3646 tam
821 3582 1100 3645 sollicito
1132 3588 1316 3643 motu
1350 3580 1621 3659 priuata
1653 3586 1953 3643 carerent

489 3714 687 3771 quam
719 3692 945 3770 genita
976 3691 1242 3753 omnino
1272 3690 1461 3753 nulla
1491 3690 1748 3754 ratione
1784 3688 2086 3767 fuissent,

487 3803 783 3880 undique
816 3800 1124 3864 materies
1153 3800 1464 3878 quoniam
1497 3799 1749 3878 stipata
1779 3799 2082 3877 quiesset.

400 3917 832 3991 —praeterea
866 3910 1169 3987 quamuis
1204 3908 1449 3971 solidae
1485 3928 1589 3970 res
1625 3928 1758 3970 esse
1794 3914 2138 3986 putentur,

486 4023 642 4085 hinc
671 4028 893 4086 tamen
926 4040 1060 4084 esse
1091 4019 1245 4082 licet
1277 4037 1433 4080 raro
1463 4038 1612 4080 cum
1644 4035 1916 4095 corpore
1949 4036 2196 4081 cernas,

487 4134 560 4195 in
594 4131 771 4195 saxis
805 4150 880 4193 ac
915 4127 1245 4207 speluncis
1281 4132 1630 4205 permanat
1666 4146 1990 4203 aquarum

1497 4266 1613 4317 [12]

2696 807 2797 857 320

2696 1354 2799 1404 325

2696 2071 2797 2121 330

2696 2705 2800 2755 335

2698 3252 2799 3302 340

2698 3800 2801 3850 345
