3182 4602
962 325 1064 374 DE
1101 325 1367 374 RERVM
1402 324 1711 374 NATVRA
1751 325 1786 374 Ι

340 558 543 615 quam
577 547 806 602 contra
841 559 944 601 res
979 539 1244 602 illorum
1277 546 1583 616 retroque
1620 539 1889 616 putari?

253 648 617 711 —alternis
653 648 1024 726 gignuntur
1061 649 1234 712 enim
1268 656 1662 726 mutantque
1698 649 1977 712 colorem

340 765 406 820 et
438 765 647 820 totam
680 758 856 821 inter
889 779 955 822 se
986 765 1299 822 naturam
1333 766 1626 836 tempore
1661 759 1742 821 ab
1778 758 1973 820 0111111.

311 867 630 946 [fulmina
664 868 988 945 diffugere
1023 875 1220 945 atque
1255 868 1496 930 imbres
1528 875 1889 945 uentosque
1923 867 2253 945 uidemus]

342 978 446 1040 sin
478 977 574 1041 ita
603 977 779 1041 forte
809 985 1008 1056 putas
1040 978 1212 1056 ignis
1242 984 1588 1055 terraeque
1622 977 1793 1041 coire
1888 994 1893 998 ⁴
2556 974 2657 1024 770

343 1107 583 1165 corpus
617 1094 681 1151 et
716 1087 928 1150 aerias
962 1109 1162 1150 auras
1194 1107 1537 1165 roremque
1572 1087 1867 1164 liquoriS‚

341 1197 439 1258 nil
469 1196 540 1258 in
573 1197 850 1260 coneilio
878 1204 1188 1260 naturam
1220 1202 1296 1260 ut
1327 1205 1541 1260 mutet
1571 1216 1816 1273 eorum,

343 1308 530 1369 nulla
560 1307 684 1369 tibi
717 1328 796 1370 ex
828 1307 962 1368 illis
991 1307 1236 1385 poterit
1269 1327 1374 1370 res
1406 1327 1540 1370 esse
1572 1314 1812 1382 ereata,

344 1437 477 1479 non
511 1417 830 1493 animanS,
864 1437 997 1479 non
1029 1417 1331 1479 exanimo
1361 1437 1509 1478 cum
1542 1436 1834 1494 corpore,
1868 1423 1945 1479 ut
1979 1417 2188 1478 arbos,

312 1526 593 1604 (quippe
626 1547 813 1589 suam
847 1526 1126 1603 quicque
1159 1526 1232 1587 111
1264 1533 1518 1588 coetum
1551 1525 1883 1588 uariantis
1914 1525 2137 1588 acerui
2556 1523 2657 1572 775

293 1653 300 1660 ·
343 1643 655 1699 naturam
690 1636 978 1698 ostendit
1012 1636 1386 1713 mixtusque
1418 1635 1760 1698 uidebitur
1795 1655 1906 1698 aer

344 1766 492 1808 eum
525 1753 707 1809 terra
740 1746 937 1808 simul
970 1752 1168 1823 atque
1202 1747 1402 1809 ardor
1435 1767 1584 1808 cum
1617 1765 1763 1807 rore
1798 1766 2081 1808 manere.

343 1863 411 1918 at
443 1856 812 1934 primordia
841 1856 1201 1933 gignundis
1231 1855 1302 1916 in
1333 1857 1530 1918 rebus
1559 1862 1819 1933 oportet

343 1973 655 2029 naturam
697 1966 1174 2029 clandestinam
1216 1986 1602 2043 caecamque
1645 1965 1974 2041 adhibere,

346 2076 629 2139 emineat
660 2076 892 2153 nequit
923 2077 1098 2153 quod
1131 2081 1364 2139 contra
1394 2082 1647 2153 pugnet
1681 2083 1747 2137 et
1777 2077 1989 2138 obstet
2559 2072 2660 2121 780

345 2186 695 2263 quominus
731 2207 866 2250 esse
903 2193 1100 2263 queat
1136 2186 1405 2264 proprie
1441 2186 1898 2263 quodcumque
1935 2185 2253 2261 creatur.)

383 2296 652 2374 —Quin
685 2296 882 2365 etiam
916 2304 1228 2375 repetunt
1265 2319 1303 2360 a
1338 2297 1517 2360 08010
1551 2304 1749 2374 atque
1785 2295 2048 2374 ignibus
2083 2295 2223 2359 eius

346 2414 408 2470 et
439 2407 730 2485 primum
761 2407 1023 2470 faciunt
1052 2407 1271 2484 ignem
1301 2428 1368 2471 se
1397 2413 1659 2470 uertere
1690 2406 1761 2468 in
1794 2426 1993 2469 auras

346 2518 534 2594 aeris,
570 2517 723 2580 hine
757 2517 975 2595 ignem
1010 2517 1194 2595 gigni
1228 2524 1605 2594 terramque
1640 2516 1852 2578 creari

347 2649 425 2689 ex
457 2627 600 2705 igni
628 2634 935 2704 retroque
967 2627 1038 2688 in
1068 2623 1316 2690 terram
1348 2633 1586 2689 cuncta
1620 2626 1902 2703 reuerti3
2557 2621 2659 2670 785

346 2756 640 2798 umorem
675 2736 983 2813 primum,
1019 2742 1166 2814 post
1202 2756 1372 2811 aera,
1411 2735 1650 2798 deinde
1684 2736 1964 2798 calorem
1983 2762 1998 2811 ;

346 2866 465 2909 nec
500 2866 750 2908 cessare
781 2845 941 2908 haec
975 2846 1150 2909 inter
1182 2866 1250 2909 se
1281 2852 1560 2921 mutare,
1596 2866 1812 2908 meare
1864 2896 1869 2901 .

348 2976 385 3018 a
418 2956 598 3018 08010
629 2956 712 3017 ad
744 2962 1011 3032 terram,
1047 2956 1126 3018 de
1157 2961 1340 3018 terra
1373 2955 1457 3017 ad
1489 2954 1709 3017 sidera
1739 2955 1991 3016 mundi.

349 3066 525 3143 quod
557 3064 776 3128 facere
806 3065 987 3127 haud
1017 3066 1156 3128 ullo
1185 3065 1423 3128 debent
1457 3064 1824 3142 primordia
1855 3071 2083 3141 pact03

348 3174 755 3237 immutabile
786 3174 959 3236 enim
991 3174 1307 3251 quiddam
1338 3194 1653 3252 superare
1683 3180 2022 3250 necessest,
2561 3170 2663 3219 790

350 3306 429 3348 ne
462 3305 568 3347 res
599 3285 683 3347 ad
717 3284 1000 3346 nihilum
1033 3284 1427 3362 redigantur
1460 3283 1773 3346 funditus
1808 3303 2046 3346 omnes,

320 3395 503 3469 (nam
536 3395 991 3472 quodcumque
1023 3393 1161 3456 suis
1191 3400 1522 3455 mutatum
1553 3393 1799 3455 finibus
1830 3393 1985 3470 exit,

351 3504 664 3567 continuo
694 3505 815 3567 hoc
846 3524 1019 3566 mors
1052 3510 1148 3567 est
1179 3503 1362 3565 illius
1390 3504 1566 3580 quod
1600 3502 1737 3565 fuit
1770 3503 1976 3579 ante.)

274 3620 759 3692 —quapropter
793 3612 1105 3691 quoniam
1139 3633 1304 3690 quae
1339 3613 1541 3690 paulo
1572 3611 1864 3674 diximus
1895 3618 2047 3675 ante

375 3746 473 3796 775
493 3745 639 3806 vuly.
673 3747 830 3795 coetu

376 3814 474 3863 776
494 3814 639 3875 vuly.
674 3814 937 3864 ostendet

377 3881 473 3930 777
495 3882 629 3943 fort.
660 3896 831 3945 vapor

377 3949 473 3999 780
495 3950 782 4001 demineat
851 3950 986 4011 fort.
1021 3947 1274 3998 deveniat

378 4018 640 4079 784vu19.
674 4017 903 4067 imbrem
942 4054 954 4067 .
995 4055 1007 4067 .
1046 4016 1216 4066 imbri
1256 4054 1269 4066 .
1308 4054 1320 4066 .
1362 4054 1374 4065 .
1413 4031 1446 4066 a
1482 4019 1640 4066 terra

1357 4101 1471 4153 [27]
