3182 4602
1060 395 1164 446 DE
1198 395 1462 448 RERVM
1497 396 1807 447 NATVRA
1846 397 1913 448 II

455 607 696 672 ictibus
731 608 997 674 illorum
1032 610 1241 674 caecis
1275 611 1540 689 inpulsa
1575 611 1855 690 cientur,

455 717 728 796 ipsaque
757 739 1084 798 proporro
1111 722 1312 798 paulo
1343 720 1593 785 maiora
1622 723 1970 786 lacessunt.

368 827 547 891 —sic
577 848 616 891 a
647 828 999 907 principiis
1025 830 1320 894 ascendit
1349 838 1566 895 motus
1596 837 1660 894 et
1689 831 1825 894 exit

454 937 780 1015 paulatim
808 945 1067 1002 nostros
1096 940 1180 1003 ad
1211 960 1456 1018 sensus,
1485 948 1564 1004 ut
1591 947 1988 1006 moueantur

455 1047 573 1111 illa
605 1067 880 1126 quoque,
915 1048 986 1110 in
1017 1049 1172 1112 solis
1205 1069 1371 1127 quae
1403 1050 1652 1114 lumine
1686 1070 1950 1114 cernere
1982 1050 2244 1129 quimus
2666 1047 2767 1098 140

453 1177 573 1220 nec
604 1157 844 1235 quibus
873 1157 943 1220 id
975 1157 1231 1222 faciant
1263 1159 1479 1238 plagis
1509 1166 1791 1238 apparet
1823 1167 2069 1237 aperte.

1043 1433 1144 1483 DE
1197 1433 1673 1484 CELERITATE
1727 1432 1983 1484 MOTVS

580 1520 774 1583 Nunc
808 1541 974 1598 quae
1006 1522 1338 1586 mobilitas
1366 1523 1454 1585 sit
1486 1522 1755 1586 reddita
1782 1522 2087 1586 materiai

455 1629 857 1708 corporibus,
888 1632 1118 1709 paucis
1144 1632 1297 1695 licet
1324 1632 1477 1695 hinc
1504 1651 1907 1710 cognoscere,
1939 1631 2225 1696 Memmi.

455 1739 746 1818 primum
780 1760 1023 1804 aurora
1053 1762 1227 1805 nouo
1259 1762 1406 1804 cum
1439 1741 1699 1820 spargit
1733 1741 1981 1805 lumine
2013 1747 2229 1805 terras

455 1855 522 1912 et
553 1849 780 1913 uariae
814 1851 1115 1913 uolucres
1148 1871 1414 1914 nemora
1448 1850 1605 1915 auia
1637 1851 2117 1929 peruolitantes
2669 1849 2767 1898 145

456 1979 610 2022 aera
641 1979 761 2038 per
789 1967 1091 2023 tenerum
1122 1960 1394 2038 liquidis
1423 1961 1568 2024 loca
1594 1961 1868 2023 uocibus
1899 1961 2193 2039 opplent,

456 2089 654 2146 quam
685 2068 903 2133 subito
935 2070 1138 2135 soleat
1169 2071 1264 2133 sol
1296 2077 1482 2133 ortus
1511 2077 1806 2148 tempore
1838 2070 1960 2133 tali

455 2179 823 2244 conuestire
853 2199 976 2242 sua
1005 2178 1416 2258 perfundens
1447 2179 1669 2243 omnia
1695 2181 1859 2256 luce,

455 2287 756 2352 omnibus
789 2288 861 2351 in
892 2296 1206 2367 promptu
1237 2288 1795 2367 manifestumque
1829 2310 1962 2352 esse
1994 2289 2315 2354 uidemuS.

370 2404 528 2461 —at
557 2418 770 2477 uapor
801 2398 856 2461 is
889 2419 1080 2476 quem
1110 2400 1207 2461 sol
1236 2399 1445 2462 mittit
1476 2400 1828 2477 lumenque
1859 2420 2162 2463 serenum
2667 2397 2765 2446 150

455 2528 588 2571 non
620 2529 739 2587 per
767 2508 963 2571 inane
993 2515 1167 2571 meat
1195 2528 1516 2585 uacuum;
1550 2529 1681 2586 quo
1711 2508 1971 2571 tardius
2002 2508 2099 2572 ire

456 2617 733 2695 cogitur,
767 2617 979 2681 aerias
1008 2618 1196 2695 quasi
1227 2618 1386 2679 dum
1420 2618 1801 2681 diuerberat
1832 2619 2066 2681 undaS.

455 2747 573 2790 nec
604 2727 993 2805 singillatim
1025 2728 1418 2805 corpuscula
1445 2747 1741 2804 quaeque
1774 2727 2045 2805 uaporis

455 2838 568 2899 sed
599 2837 935 2915 complexa
961 2843 1184 2899 meant
1212 2836 1389 2899 inter
1418 2856 1484 2899 se
1513 2856 1764 2913 conque
1795 2836 2093 2914 globata3

456 2953 863 3024 quapropter
895 2945 1090 3008 simul
1124 2946 1298 3008 inter
1331 2966 1396 3009 se
1440 2947 2038 3017 <re>trahuntur
2070 2952 2135 3009 et
2168 2952 2356 3009 extra
2428 2943 2431 2947 ’
2666 2944 2766 2993 155

456 3055 850 3131 officiuntur,
887 3054 989 3118 uti
1023 3061 1345 3133 cogantur
1377 3054 1639 3118 tardius
1674 3054 1789 3118 ire.

369 3171 526 3228 -at
557 3184 723 3242 quae
755 3171 912 3227 sunt
943 3164 1155 3227 solida
1185 3163 1550 3242 primordia
1580 3163 2025 3241 simplicitate,

455 3295 604 3337 cum
633 3294 752 3352 per
780 3273 976 3337 inane
1005 3280 1226 3336 meant
1253 3293 1540 3336 uacuum
1567 3293 1689 3336 nec
1718 3292 1821 3337 res
1849 3278 2222 3337 remoratur

454 3384 594 3447 ulla
623 3382 808 3459 foriS,
843 3390 1038 3460 atque
1070 3382 1218 3460 ipsa
1246 3381 1382 3445 suis
1414 3402 1447 3444 e
1482 3381 1787 3461 partibus
1818 3403 2046 3460 unum,

453 3514 662 3556 unum
691 3492 763 3554 in
793 3512 986 3569 quem
1015 3511 1283 3569 coepere
1313 3492 1527 3554 locum
1557 3511 1806 3554 conexa
1833 3490 2168 3568 feruntur,
2664 3489 2765 3539 160

454 3604 694 3666 debent
726 3601 1043 3664 nimirum
1075 3600 1468 3678 praecellere
1500 3599 1865 3663 mobilitate

454 3720 518 3777 et
548 3713 757 3775 multo
787 3710 984 3774 citius
1015 3709 1183 3773 ferri
1214 3729 1412 3786 quam
1442 3708 1697 3771 lumina
1728 3709 1885 3772 solis

453 3822 931 3901 multiplexque
966 3819 1092 3882 loci
1127 3818 1417 3896 spatium
1451 3824 1907 3881 transcurrere
1942 3817 2165 3880 eodem

453 3940 747 4010 tempore
777 3950 908 4008 quo
934 3928 1087 3992 solis
1117 3927 1515 4007 peruolgant
1543 3925 1821 4003 fulgura
1852 3926 2103 3989 caelum

490 4091 591 4142 160
611 4088 756 4149 vuly.
787 4081 980 4134 conixa
1459 4158 1572 4210 [44]
