3182 4602
1137 373 1240 422 DE
1275 372 1540 422 RERVM
1575 372 1885 422 NATVRA
1925 371 1991 422 ΙΙ

533 608 612 650 ex
645 587 907 651 infinito
941 608 1024 652 ne
1059 607 1324 652 causam
1359 607 1555 652 causa
1591 594 1929 666 sequatur,

532 697 742 761 libera
770 718 890 776 per
919 704 1136 760 terras
1162 699 1342 761 unde
1371 699 1530 762 haec
1560 697 2011 762 animantibus
2042 702 2275 773 exstat,

531 809 709 871 unde
743 814 839 870 est
871 809 1049 884 haec,
1083 807 1374 886 inquam,
1409 807 1573 871 fatis
1606 808 1831 870 auolsa
1864 807 2194 882 uoluntas,

533 939 652 996 per
685 938 880 996 quam
911 918 1376 996 progredimur
1407 937 1538 996 quo
1569 916 1756 980 ducit
1786 936 2109 994 quemque
2137 915 2493 993 uoluptas?

533 1027 938 1091 declinamus
970 1028 1126 1090 item
1160 1033 1376 1090 motus
1407 1047 1526 1090 nec
1557 1035 1851 1104 tempore
1885 1033 2065 1089 certo

531 1158 650 1200 nec
682 1137 945 1216 regione
975 1137 1102 1200 loci
1131 1143 1329 1213 certa,
1361 1137 1477 1200 sed
1505 1135 1621 1200 ubi
1652 1136 1798 1214 ipsa
1828 1135 1987 1198 tulit
2017 1155 2217 1197 mens.

532 1269 687 1311 ‘nam
715 1247 918 1310 dubio
945 1247 1178 1325 procul
1203 1247 1306 1309 his
1333 1248 1529 1310 rebus
1558 1266 1679 1310 sua
1710 1245 1945 1324 cuique
1974 1247 2287 1308 uoluntas

533 1357 938 1436 principium
970 1359 1087 1421 dat
1122 1363 1186 1419 et
1216 1357 1370 1419 hinc
1404 1363 1621 1419 motus
1653 1376 1772 1434 per
1804 1357 2095 1419 membra
2129 1353 2458 1432 rigantur.

447 1488 750 1531 —nonne
783 1467 970 1531 uides
1004 1467 1202 1531 etiam
1237 1465 1595 1545 patefactis
1626 1472 1921 1544 tempore
1956 1471 2207 1543 puncto

533 1577 903 1640 carceribus
933 1596 1066 1639 non
1098 1597 1284 1655 posse
1316 1583 1537 1639 tamen
1571 1594 2004 1654 prorumpere
2038 1593 2355 1652 equorum

531 1687 670 1750 uim
701 1686 1011 1765 cupidam
1041 1695 1178 1750 tam
1206 1687 1288 1750 de
1316 1685 1536 1748 subito
1565 1706 1764 1762 quam
1794 1705 1976 1748 mens
2006 1690 2161 1748 auet
2192 1683 2379 1761 ipsa?

535 1797 744 1860 omnis
773 1797 946 1861 enim
979 1803 1194 1860 totum
1227 1816 1345 1874 per
1379 1815 1621 1874 corpus
1650 1794 1955 1858 materiai

531 1907 721 1985 copia
751 1907 996 1970 conciri
1027 1907 1239 1982 debet,
1272 1905 1527 1968 concita
1557 1925 1677 1982 per
1710 1912 1898 1967 artus

533 2016 742 2080 omnis
773 2025 851 2079 ut
884 2016 1180 2079 studium
1214 2014 1452 2077 mentis
1487 2034 1731 2077 conexa
1765 2020 2115 2092 sequatur;

489 2123 493 2127 ’
530 2133 608 2189 ut
636 2126 866 2189 uideas
895 2125 1136 2189 initum
1166 2131 1382 2188 motus
1414 2146 1454 2188 a
1481 2125 1677 2187 corde
1706 2123 1918 2187 creari

531 2258 610 2299 ex
639 2236 969 2314 animique
998 2235 1345 2298 uoluntate
1373 2234 1442 2297 id
1473 2235 1826 2313 procedere
1856 2233 2165 2312 primum,

532 2348 685 2411 inde
717 2346 866 2409 dari
899 2366 1100 2425 porro
1129 2367 1247 2424 per
1278 2351 1492 2408 totum
1525 2364 1765 2423 corpus
1798 2351 1862 2407 et
1896 2350 2100 2407 artus.

446 2477 649 2519 —nec
681 2456 954 2519 similest
987 2462 1064 2519 ut
1098 2476 1246 2518 cum
1281 2454 1550 2533 impulsi
1585 2454 2000 2532 procedimus
2034 2452 2174 2516 ictu

529 2566 787 2629 uiribus
822 2566 1098 2629 alterius
1129 2564 1386 2643 magnis
1420 2584 1788 2641 magnoque
1823 2569 2072 2626 coactn.

531 2697 685 2739 ‘nam
715 2683 856 2739 tum
889 2675 1227 2739 materiem
1257 2674 1466 2737 totius
1496 2673 1790 2751 corporis
1822 2692 2077 2736 omnem

533 2786 1018 2865 perspicuumst
1052 2785 1240 2847 nobis
1273 2783 1507 2847 inuitis
1541 2784 1638 2847 ire
1672 2782 1990 2861 rapique,-

530 2897 734 2959 donec
764 2917 906 2959 eam
934 2894 1305 2957 refrenauit
1331 2915 1455 2972 per
1485 2894 1777 2955 membra
1805 2892 2136 2955 uoluntas.

445 3005 746 3069 —iamne
777 3005 964 3069 uides
995 3004 1222 3083 igitur,
1259 3023 1658 3081 quamquam
1688 3002 1792 3065 uis
1826 3008 2050 3065 extera
2081 3001 2324 3064 multos

532 3115 736 3194 pellat
766 3121 832 3177 et
862 3114 1108 3177 inuitos
1139 3120 1327 3192 cogat
1361 3114 1713 3192 procedere
1744 3132 1937 3190 saepe

531 3224 1053 3303 praecipitesque
1090 3224 1266 3303 rapi,¹
1296 3230 1517 3286 tamen
1553 3242 1687 3285 esse
1725 3222 1796 3283 in
1832 3228 2095 3299 pectore
2130 3228 2515 3292 no<stro>

532 3334 849 3412 quiddam
886 3335 1328 3412 quodcontra
1364 3352 1663 3410 pugnare
1704 3333 2089 3408 obstareque
2129 3330 2376 3409 possit?

531 3443 720 3507 cuius
753 3444 838 3507 ad
871 3442 1224 3507 arbitrium
1257 3462 1514 3519 quoque
1548 3441 1738 3519 copia
1771 3440 2075 3504 materiai

531 3554 788 3632 cogitur
819 3553 1154 3616 interdum
1186 3550 1360 3614 flecti
1390 3571 1510 3629 per
1539 3552 1832 3613 membra
1863 3571 1982 3628 per
2014 3556 2199 3614 artus

531 3671 596 3727 et
628 3664 922 3742 proiecta
949 3661 1334 3725 refrenatur
1364 3667 1673 3737 retroque
1705 3659 1956 3723 residit.

445 3794 734 3852 —quare
766 3772 837 3833 in
870 3772 1226 3834 seminibus
1257 3790 1512 3847 quoque
1544 3770 1720 3833 idem
1754 3768 2009 3832 fateare
2041 3775 2381 3845 necessest,

528 3903 662 3948 esse
697 3882 894 3946 aliam
929 3887 1192 3960 praeter
1226 3880 1458 3958 plagas
1493 3886 1558 3944 et
1594 3880 1891 3958 pondera
1924 3899 2186 3942 causam

551 4014 670 4077 257,
690 4014 791 4063 258
812 4012 911 4062 alii
937 4012 1050 4063 alia
1127 4018 1130 4025 '

551 4083 652 4131 268
672 4082 817 4143 vulg.
849 4080 1040 4131 conixa
1534 4145 1649 4197 [48]

2738 581 2835 631 255

2743 1130 2839 1180 260

2745 1678 2842 1727 265

2742 2228 2840 2277 270

2744 2778 2843 2828 275

2743 3326 2840 3375 280

2739 3874 2840 3924 285
