3182 4602
1138 450 1200 500 Τ.
1237 450 1563 501 LVGRETI
1600 451 1778 502 CARI

393 669 676 727 naturas
701 664 1042 728 hominum
1072 665 1297 729 uarias
1325 686 1667 745 moresque
1696 667 2025 745 sequacis3

394 793 678 851 quorum
709 794 827 852 ego
857 796 1035 839 nunc
1068 796 1322 854 nequeo
1350 797 1573 839 caecas
1604 797 1929 855 exponere
1961 797 2191 840 causas

394 903 512 946 nec
544 884 840 962 reperire
870 884 1238 963 figurarum
1270 893 1368 949 tot
1401 887 1671 950 nomina
1701 888 1874 965 quod
1908 895 2065 951 sunt

395 993 767 1071 principiis,
803 996 979 1057 unde
1013 996 1173 1058 haec
1209 996 1423 1058 oritur
1456 996 1795 1060 uariantia
1829 1017 2070 1060 rerum.

314 1102 564 1166 —illud
599 1104 672 1165 in
704 1104 808 1167 his
841 1106 1036 1168 rebus
1067 1105 1265 1169 uideo
1296 1106 1560 1171 firmare
1595 1113 1867 1185 potesse,
1952 1152 1961 1157 -

396 1234 602 1291 usque
635 1215 799 1277 adeo
827 1222 1222 1279 naturarum
1253 1216 1537 1294 uestigia
1569 1216 1784 1294 linqui
1819 1250 1821 1254 ·

398 1324 678 1400 paruola
713 1344 879 1401 quae
914 1332 1198 1402 nequeat
1231 1326 1406 1388 ratio
1439 1326 1767 1403 depellere
1801 1326 1989 1389 nobis

396 1440 472 1496 ut
508 1433 680 1495 nihil
718 1433 1020 1512 inpediat
1057 1435 1329 1513 dignam
1365 1436 1468 1498 dis
1503 1437 1742 1514 degere
1779 1436 2011 1500 uitam.

522 1632 706 1694 Haec
739 1631 947 1711 igitur
979 1639 1224 1696 natura
1256 1640 1523 1696 tenetur
1555 1652 1827 1709 corpore
1860 1633 1942 1695 ab
1977 1631 2153 1694 omni

398 1740 687 1820 ipsaquex
704 1742 996 1820 corporis
1027 1750 1122 1806 est
1154 1750 1370 1806 custos
1404 1749 1467 1805 et
1498 1763 1699 1806 causa
1728 1741 1996 1818 salutis3

397 1872 552 1913 nam
582 1852 1038 1915 communibus
1067 1852 1243 1915 inter
1274 1868 1343 1914 83·
1371 1852 1707 1915 radicibus
1738 1853 2013 1914 haerent

397 1981 515 2024 nec
546 1960 688 2025 sine
720 1961 1011 2040 pernicie
1044 1962 1276 2025 diuelli
1310 1981 1495 2040 posse
1528 1962 1866 2025 uidentur.

370 2070 577 2148 (quod
609 2092 816 2149 genus
846 2094 880 2135 e
909 2072 1128 2136 thuris
1160 2072 1409 2149 glaebis
1438 2072 1717 2136 euellere
1750 2072 2012 2134 odorem

398 2181 576 2244 haud
615 2180 812 2243 facile
847 2187 944 2243 est
979 2181 1142 2259 quin
1179 2182 1461 2245 intereat
1495 2189 1743 2245 natura
1778 2201 2033 2259 quoque
2070 2180 2227 2244 eius,

400 2290 489 2353 sic
522 2290 728 2354 animi
759 2298 955 2370 atque
989 2291 1244 2356 animae
1275 2298 1590 2356 naturam
1621 2313 1891 2370 corpore
1924 2298 2065 2355 toto

401 2403 745 2465 extrahere
773 2403 940 2465 haut
970 2401 1167 2466 facile
1197 2410 1292 2466 est
1323 2403 1486 2480 quin
1518 2402 1739 2465 omnia
1767 2402 2273 2477 dissoluantur.)

398 2511 684 2588 inplexis
717 2511 812 2574 ita
845 2511 1196 2589 principiis
1229 2513 1310 2575 ab
1343 2511 1597 2589 origine
1631 2512 1849 2590 prima

399 2620 575 2684 inter
603 2641 670 2684 se
699 2621 872 2683 fiunt
899 2621 1185 2685 consorti
1213 2621 1519 2700 praedita
1546 2621 1710 2698 uita,

401 2751 518 2793 nec
548 2730 675 2792 sibi
707 2751 1001 2809 quaeque
1032 2732 1172 2794 sine
1204 2732 1480 2795 alterius
1509 2731 1582 2795 ui
1615 2751 1800 2810 posse
1831 2731 2104 2794 uidetur

402 2840 698 2918 corporis
726 2847 923 2918 atque
955 2840 1160 2903 animi
1188 2862 1479 2904 seorsum
1509 2840 1755 2904 sentire
1787 2847 2096 2919 potestaS,

401 2951 509 3012 sed
543 2951 998 3015 communibus
1027 2951 1201 3012 inter
1233 2971 1339 3013 eos
1370 2941 1698 3014 conflatur
1727 2950 2062 3028 utrimque

402 3060 689 3122 motibus
715 3080 1022 3123 accensus
1049 3060 1236 3123 nobis
1264 3081 1383 3138 per
1412 3061 1669 3123 uiscera
1698 3080 1943 3123 sensus,

1207 3167 1372 3226 <DE
1415 3165 1823 3225 CORPORE>

321 3266 746 3335 —praeterea
777 3278 1015 3336 corpus
1047 3278 1167 3335 per
1195 3278 1262 3321 se
1293 3278 1410 3320 nec
1442 3249 1744 3334 gignitur
1773 3276 2088 3333 umquam

402 3388 518 3430 nec
549 3367 782 3430 crescit
814 3388 1024 3445 neque
1057 3374 1206 3445 post
1237 3374 1512 3429 mortem
1542 3367 1788 3429 durare
1821 3365 2111 3429 uidetur.

403 3498 532 3540 non
564 3484 642 3540 ut
674 3477 848 3538 enim
879 3497 1070 3539 umor
1103 3497 1310 3554 aquae
1343 3476 1626 3539 dimittit
1656 3496 1848 3553 saepe
1880 3495 2195 3552 uaporem

404 3587 518 3665 qui
551 3588 750 3650 datus
785 3594 902 3663 est,
935 3607 1147 3664 neque
1182 3607 1258 3649 ea
1293 3606 1489 3648 causa
1524 3586 1924 3649 conuellitur
1959 3584 2117 3662 ipse,

403 3697 514 3759 sed
544 3705 768 3759 manet
799 3695 1162 3772 incolumiS,
1196 3716 1349 3771 11011,
1384 3695 1673 3772 inquam,
1709 3695 1801 3757 sic
1835 3694 2081 3757 animai

406 3806 756 3870 discidium
789 3811 1066 3884 possunt
1101 3812 1288 3868 artus
1321 3804 1623 3883 perferre
1658 3804 1892 3880 relicti,

406 3917 515 3978 sed
547 3917 815 3994 penitus
849 3922 1132 3994 pereunt
1165 3914 1465 3978 conuulsi
1500 3934 1749 3992 conque
1782 3919 2194 3992 putrescunt.

427 4055 527 4105 319
548 4056 683 4119 fort.
714 4056 824 4106 fido

427 4125 526 4174 335
549 4124 682 4187 fort.
715 4139 772 4175 se

428 4191 528 4242 339
548 4193 698 4244 enim
735 4196 800 4244 ut
1410 4224 1523 4276 [91]

2609 666 2713 715 315

2610 1214 2713 1264 320

2611 1847 2715 1897 325

2613 2397 2715 2447 330

2614 2946 2718 2996 335

2616 3579 2718 3628 340
