<?xml version="1.0" encoding="UTF-8"?>
<!DOCTYPE html PUBLIC "-//W3C//DTD XHTML 1.0 Transitional//EN"
    "http://www.w3.org/TR/xhtml1/DTD/xhtml1-transitional.dtd">
<html xmlns="http://www.w3.org/1999/xhtml" xml:lang="en" lang="en">
 <head>
  <title>
</title>
<meta http-equiv="Content-Type" content="text/html;charset=utf-8" />
  <meta name='ocr-system' content='tesseract 3.04.00' />
  <meta name='ocr-capabilities' content='ocr_page ocr_carea ocr_par ocr_line ocrx_word'/>
</head>
<body>
  <div class='ocr_page' id='page_1' title='image "./lvcretiderervmn00unkngoog_0231.png"; bbox 0 0 3182 4602; ppageno 0'>
   <div class='ocr_carea' id='block_1_1' title="bbox 1172 395 2048 446">
    <p class='ocr_par' dir='ltr' id='par_1_1' title="bbox 1172 395 2048 446">
     <span class='ocr_line' id='line_1_1' title="bbox 1172 395 2048 446; baseline 0 0"><span class='ocrx_word' id='word_1_1' title='bbox 1172 395 1275 446; x_wconf 77' lang='lat' dir='ltr'>DE</span> <span class='ocrx_word' id='word_1_2' title='bbox 1312 395 1576 446; x_wconf 76' lang='lat' dir='ltr'><strong><em>RERVM</em></strong></span> <span class='ocrx_word' id='word_1_3' title='bbox 1612 395 1921 445; x_wconf 73' lang='lat' dir='ltr'><strong><em>NATVRA</em></strong></span> <span class='ocrx_word' id='word_1_4' title='bbox 1966 395 2048 446; x_wconf 82' lang='lat' dir='ltr'>Vl</span> 
     </span>
    </p>
   </div>
   <div class='ocr_carea' id='block_1_2' title="bbox 501 695 2446 3954">
    <p class='ocr_par' dir='ltr' id='par_1_2' title="bbox 586 695 2403 1212">
     <span class='ocr_line' id='line_1_2' title="bbox 591 695 2168 774; baseline -0.001 -16"><span class='ocrx_word' id='word_1_5' title='bbox 591 695 825 758; x_wconf 84' lang='lat' dir='ltr'>Cetera</span> <span class='ocrx_word' id='word_1_6' title='bbox 856 716 1023 773; x_wconf 91' lang='lat' dir='ltr'>quae</span> <span class='ocrx_word' id='word_1_7' title='bbox 1052 695 1196 759; x_wconf 89' lang='lat' dir='ltr'>fieri</span> <span class='ocrx_word' id='word_1_8' title='bbox 1226 696 1298 757; x_wconf 92' lang='lat' dir='ltr'>in</span> <span class='ocrx_word' id='word_1_9' title='bbox 1327 696 1526 760; x_wconf 89' lang='lat' dir='ltr'>terris</span> <span class='ocrx_word' id='word_1_10' title='bbox 1556 697 1861 774; x_wconf 90' lang='lat' dir='ltr'>caeloque</span> <span class='ocrx_word' id='word_1_11' title='bbox 1892 703 2168 759; x_wconf 88' lang='lat' dir='ltr'>tuentur</span> 
     </span>
     <span class='ocr_line' id='line_1_3' title="bbox 586 805 2315 885; baseline 0 -19"><span class='ocrx_word' id='word_1_12' title='bbox 586 806 913 882; x_wconf 90' lang='lat' dir='ltr'>mortales,</span> <span class='ocrx_word' id='word_1_13' title='bbox 948 805 1216 884; x_wconf 90' lang='lat' dir='ltr'>pauidis</span> <span class='ocrx_word' id='word_1_14' title='bbox 1245 827 1392 868; x_wconf 89' lang='lat' dir='ltr'>cum</span> <span class='ocrx_word' id='word_1_15' title='bbox 1423 808 1715 885; x_wconf 90' lang='lat' dir='ltr'>pendent</span> <span class='ocrx_word' id='word_1_16' title='bbox 1745 805 2071 869; x_wconf 86' lang='lat' dir='ltr'>mentibu&#39;</span> <span class='ocrx_word' id='word_1_17' title='bbox 2102 824 2315 884; x_wconf 80' lang='lat' dir='ltr'><strong>saepe,</strong></span> 
     </span>
     <span class='ocr_line' id='line_1_4' title="bbox 587 913 2177 979; baseline -0.001 -2"><span class='ocrx_word' id='word_1_18' title='bbox 587 921 652 977; x_wconf 88' lang='lat' dir='ltr'>et</span> <span class='ocrx_word' id='word_1_19' title='bbox 686 913 947 977; x_wconf 83' lang='lat' dir='ltr'>faciunt</span> <span class='ocrx_word' id='word_1_20' title='bbox 978 915 1229 978; x_wconf 91' lang='lat' dir='ltr'>animos</span> <span class='ocrx_word' id='word_1_21' title='bbox 1260 916 1528 978; x_wconf 91' lang='lat' dir='ltr'>humilis</span> <span class='ocrx_word' id='word_1_22' title='bbox 1562 916 1919 979; x_wconf 79' lang='lat' dir='ltr'>formidine</span> <span class='ocrx_word' id='word_1_23' title='bbox 1954 914 2177 978; x_wconf 91' lang='lat' dir='ltr'>diuom</span> 
     </span>
     <span class='ocr_line' id='line_1_5' title="bbox 587 1024 2403 1103; baseline 0 -17"><span class='ocrx_word' id='word_1_24' title='bbox 587 1024 1052 1102; x_wconf 82' lang='lat' dir='ltr'>depressosque</span> <span class='ocrx_word' id='word_1_25' title='bbox 1089 1033 1401 1102; x_wconf 88' lang='lat' dir='ltr'>premunt</span> <span class='ocrx_word' id='word_1_26' title='bbox 1436 1026 1521 1089; x_wconf 88' lang='lat' dir='ltr'>ad</span> <span class='ocrx_word' id='word_1_27' title='bbox 1556 1032 1803 1088; x_wconf 89' lang='lat' dir='ltr'>terram</span> <span class='ocrx_word' id='word_1_28' title='bbox 1839 1032 2191 1103; x_wconf 89' lang='lat' dir='ltr'>propterea</span> <span class='ocrx_word' id='word_1_29' title='bbox 2227 1024 2403 1101; x_wconf 91' lang='lat' dir='ltr'>quod</span> 
     </span>
     <span class='ocr_line' id='line_1_6' title="bbox 587 1134 1993 1212; baseline 0.001 -17"><span class='ocrx_word' id='word_1_30' title='bbox 587 1134 966 1212; x_wconf 84' lang='lat' dir='ltr'>ignorantia</span> <span class='ocrx_word' id='word_1_31' title='bbox 1000 1154 1348 1197; x_wconf 88' lang='lat' dir='ltr'>causarum</span> <span class='ocrx_word' id='word_1_32' title='bbox 1384 1134 1687 1198; x_wconf 81' lang='lat' dir='ltr'>conferre</span> <span class='ocrx_word' id='word_1_33' title='bbox 1722 1135 1993 1199; x_wconf 89' lang='lat' dir='ltr'>deorum</span> 
     </span>
    </p>

    <p class='ocr_par' dir='ltr' id='par_1_3' title="bbox 559 1243 2210 1542">
     <span class='ocr_line' id='line_1_7' title="bbox 586 1243 2194 1322; baseline 0 -16"><span class='ocrx_word' id='word_1_34' title='bbox 586 1243 760 1322; x_wconf 81' lang='lat' dir='ltr'>cogit</span> <span class='ocrx_word' id='word_1_35' title='bbox 791 1245 876 1307; x_wconf 89' lang='lat' dir='ltr'>ad</span> <span class='ocrx_word' id='word_1_36' title='bbox 907 1243 1258 1322; x_wconf 90' lang='lat' dir='ltr'>imperium</span> <span class='ocrx_word' id='word_1_37' title='bbox 1288 1265 1392 1306; x_wconf 90' lang='lat' dir='ltr'>res</span> <span class='ocrx_word' id='word_1_38' title='bbox 1422 1252 1487 1308; x_wconf 91' lang='lat' dir='ltr'>et</span> <span class='ocrx_word' id='word_1_39' title='bbox 1517 1245 1868 1307; x_wconf 79' lang='lat' dir='ltr'>concedere</span> <span class='ocrx_word' id='word_1_40' title='bbox 1898 1264 2194 1322; x_wconf 87' lang='lat' dir='ltr'>regnum.</span> 
     </span>
     <span class='ocr_line' id='line_1_8' title="bbox 559 1353 2210 1432; baseline 0.001 -16"><span class='ocrx_word' id='word_1_41' title='bbox 559 1353 868 1431; x_wconf 91' lang='lat' dir='ltr'>[quorum</span> <span class='ocrx_word' id='word_1_42' title='bbox 902 1373 1173 1432; x_wconf 89' lang='lat' dir='ltr'>operum</span> <span class='ocrx_word' id='word_1_43' title='bbox 1207 1374 1438 1417; x_wconf 79' lang='lat' dir='ltr'>causas</span> <span class='ocrx_word' id='word_1_44' title='bbox 1469 1354 1659 1418; x_wconf 90' lang='lat' dir='ltr'>nulla</span> <span class='ocrx_word' id='word_1_45' title='bbox 1691 1353 1947 1417; x_wconf 91' lang='lat' dir='ltr'>ratione</span> <span class='ocrx_word' id='word_1_46' title='bbox 1981 1354 2210 1417; x_wconf 89' lang='lat' dir='ltr'>uidere</span> 
     </span>
     <span class='ocr_line' id='line_1_9' title="bbox 588 1463 2003 1542; baseline -0.001 -17"><span class='ocrx_word' id='word_1_47' title='bbox 588 1470 863 1541; x_wconf 84' lang='lat' dir='ltr'>possunt</span> <span class='ocrx_word' id='word_1_48' title='bbox 894 1484 970 1526; x_wconf 90' lang='lat' dir='ltr'>ac</span> <span class='ocrx_word' id='word_1_49' title='bbox 999 1463 1144 1525; x_wconf 89' lang='lat' dir='ltr'>fieri</span> <span class='ocrx_word' id='word_1_50' title='bbox 1176 1463 1405 1527; x_wconf 90' lang='lat' dir='ltr'>diuino</span> <span class='ocrx_word' id='word_1_51' title='bbox 1437 1464 1707 1526; x_wconf 90' lang='lat' dir='ltr'>numine</span> <span class='ocrx_word' id='word_1_52' title='bbox 1740 1464 2003 1542; x_wconf 90' lang='lat' dir='ltr'>rentur]</span> 
     </span>
    </p>

    <p class='ocr_par' dir='ltr' id='par_1_4' title="bbox 585 1572 2446 1761">
     <span class='ocr_line' id='line_1_10' title="bbox 587 1572 2446 1651; baseline 0 -18"><span class='ocrx_word' id='word_1_53' title='bbox 587 1593 741 1635; x_wconf 75' lang='lat' dir='ltr'>nam</span> <span class='ocrx_word' id='word_1_54' title='bbox 772 1574 935 1636; x_wconf 88' lang='lat' dir='ltr'>bene</span> <span class='ocrx_word' id='word_1_55' title='bbox 970 1573 1084 1650; x_wconf 93' lang='lat' dir='ltr'>qui</span> <span class='ocrx_word' id='word_1_56' title='bbox 1121 1572 1409 1636; x_wconf 88' lang='lat' dir='ltr'>didicere</span> <span class='ocrx_word' id='word_1_57' title='bbox 1445 1574 1600 1636; x_wconf 86' lang='lat' dir='ltr'>deos</span> <span class='ocrx_word' id='word_1_58' title='bbox 1633 1594 1936 1636; x_wconf 91' lang='lat' dir='ltr'>securum</span> <span class='ocrx_word' id='word_1_59' title='bbox 1972 1593 2163 1651; x_wconf 85' lang='lat' dir='ltr'>agere</span> <span class='ocrx_word' id='word_1_60' title='bbox 2199 1592 2446 1649; x_wconf 91' lang='lat' dir='ltr'>aeuom,</span> 
     </span>
     <span class='ocr_line' id='line_1_11' title="bbox 585 1682 1993 1761; baseline 0 -16"><span class='ocrx_word' id='word_1_61' title='bbox 585 1682 641 1745; x_wconf 90' lang='lat' dir='ltr'>si</span> <span class='ocrx_word' id='word_1_62' title='bbox 672 1690 893 1746; x_wconf 91' lang='lat' dir='ltr'>tamen</span> <span class='ocrx_word' id='word_1_63' title='bbox 925 1683 1178 1748; x_wconf 88' lang='lat' dir='ltr'>interea</span> <span class='ocrx_word' id='word_1_64' title='bbox 1208 1683 1542 1746; x_wconf 91' lang='lat' dir='ltr'>mirantur</span> <span class='ocrx_word' id='word_1_65' title='bbox 1573 1704 1709 1761; x_wconf 88' lang='lat' dir='ltr'>qua</span> <span class='ocrx_word' id='word_1_66' title='bbox 1738 1683 1993 1746; x_wconf 91' lang='lat' dir='ltr'>ratione</span> 
     </span>
    </p>

    <p class='ocr_par' dir='ltr' id='par_1_5' title="bbox 585 1792 2283 2090">
     <span class='ocr_line' id='line_1_12' title="bbox 587 1792 2283 1871; baseline -0.001 -15"><span class='ocrx_word' id='word_1_67' title='bbox 587 1813 883 1870; x_wconf 88' lang='lat' dir='ltr'>quaeque</span> <span class='ocrx_word' id='word_1_68' title='bbox 914 1793 1054 1871; x_wconf 86' lang='lat' dir='ltr'>geri</span> <span class='ocrx_word' id='word_1_69' title='bbox 1088 1793 1360 1871; x_wconf 91' lang='lat' dir='ltr'>possint,</span> <span class='ocrx_word' id='word_1_70' title='bbox 1395 1792 1786 1871; x_wconf 90' lang='lat' dir='ltr'>praesertim</span> <span class='ocrx_word' id='word_1_71' title='bbox 1818 1795 2015 1856; x_wconf 90' lang='lat' dir='ltr'>rebus</span> <span class='ocrx_word' id='word_1_72' title='bbox 2045 1793 2116 1854; x_wconf 92' lang='lat' dir='ltr'>in</span> <span class='ocrx_word' id='word_1_73' title='bbox 2147 1792 2283 1855; x_wconf 93' lang='lat' dir='ltr'>illis</span> 
     </span>
     <span class='ocr_line' id='line_1_13' title="bbox 587 1903 2279 1981; baseline 0 -17"><span class='ocrx_word' id='word_1_74' title='bbox 587 1923 753 1980; x_wconf 91' lang='lat' dir='ltr'>quae</span> <span class='ocrx_word' id='word_1_75' title='bbox 785 1923 1026 1980; x_wconf 87' lang='lat' dir='ltr'>supera</span> <span class='ocrx_word' id='word_1_76' title='bbox 1056 1910 1258 1981; x_wconf 86' lang='lat' dir='ltr'>caput</span> <span class='ocrx_word' id='word_1_77' title='bbox 1289 1903 1600 1966; x_wconf 84' lang='lat' dir='ltr'>aetheriis</span> <span class='ocrx_word' id='word_1_78' title='bbox 1631 1910 1997 1965; x_wconf 87' lang='lat' dir='ltr'>cernuntur</span> <span class='ocrx_word' id='word_1_79' title='bbox 2027 1903 2099 1964; x_wconf 91' lang='lat' dir='ltr'>in</span> <span class='ocrx_word' id='word_1_80' title='bbox 2132 1903 2279 1978; x_wconf 77' lang='lat' dir='ltr'>oriS,</span> 
     </span>
     <span class='ocr_line' id='line_1_14' title="bbox 585 2012 2055 2090; baseline 0.001 -17"><span class='ocrx_word' id='word_1_81' title='bbox 585 2033 818 2075; x_wconf 90' lang='lat' dir='ltr'>rursus</span> <span class='ocrx_word' id='word_1_82' title='bbox 848 2013 920 2074; x_wconf 93' lang='lat' dir='ltr'>in</span> <span class='ocrx_word' id='word_1_83' title='bbox 953 2013 1261 2090; x_wconf 89' lang='lat' dir='ltr'>antiquas</span> <span class='ocrx_word' id='word_1_84' title='bbox 1293 2013 1687 2076; x_wconf 81' lang='lat' dir='ltr'>referuntur</span> <span class='ocrx_word' id='word_1_85' title='bbox 1718 2012 2055 2090; x_wconf 86' lang='lat' dir='ltr'>religionis</span> 
     </span>
    </p>

    <p class='ocr_par' dir='ltr' id='par_1_6' title="bbox 586 2122 2076 2200">
     <span class='ocr_line' id='line_1_15' title="bbox 586 2122 2076 2200; baseline 0.001 -17"><span class='ocrx_word' id='word_1_86' title='bbox 586 2129 650 2185; x_wconf 91' lang='lat' dir='ltr'>et</span> <span class='ocrx_word' id='word_1_87' title='bbox 680 2122 980 2185; x_wconf 91' lang='lat' dir='ltr'>dominos</span> <span class='ocrx_word' id='word_1_88' title='bbox 1010 2123 1180 2185; x_wconf 89' lang='lat' dir='ltr'>acris</span> <span class='ocrx_word' id='word_1_89' title='bbox 1212 2123 1606 2199; x_wconf 91' lang='lat' dir='ltr'>adsciscunt,</span> <span class='ocrx_word' id='word_1_90' title='bbox 1642 2123 1859 2186; x_wconf 88' lang='lat' dir='ltr'>omnia</span> <span class='ocrx_word' id='word_1_91' title='bbox 1892 2143 2076 2200; x_wconf 88' lang='lat' dir='ltr'>posse</span> 
     </span>
    </p>

    <p class='ocr_par' dir='ltr' id='par_1_7' title="bbox 501 2231 2374 2639">
     <span class='ocr_line' id='line_1_16' title="bbox 586 2231 2206 2312; baseline 0.001 -18"><span class='ocrx_word' id='word_1_92' title='bbox 586 2252 747 2310; x_wconf 92' lang='lat' dir='ltr'>quos</span> <span class='ocrx_word' id='word_1_93' title='bbox 778 2231 1000 2295; x_wconf 90' lang='lat' dir='ltr'>miseri</span> <span class='ocrx_word' id='word_1_94' title='bbox 1034 2233 1334 2310; x_wconf 88' lang='lat' dir='ltr'>credunt,</span> <span class='ocrx_word' id='word_1_95' title='bbox 1368 2233 1587 2312; x_wconf 84' lang='lat' dir='ltr'>ignari</span> <span class='ocrx_word' id='word_1_96' title='bbox 1624 2233 1785 2311; x_wconf 91' lang='lat' dir='ltr'>quid</span> <span class='ocrx_word' id='word_1_97' title='bbox 1820 2239 2017 2311; x_wconf 89' lang='lat' dir='ltr'>queat</span> <span class='ocrx_word' id='word_1_98' title='bbox 2053 2252 2206 2309; x_wconf 86' lang='lat' dir='ltr'>esse,</span> 
     </span>
     <span class='ocr_line' id='line_1_17' title="bbox 586 2342 2212 2421; baseline -0.001 -16"><span class='ocrx_word' id='word_1_99' title='bbox 586 2342 749 2419; x_wconf 92' lang='lat' dir='ltr'>quid</span> <span class='ocrx_word' id='word_1_100' title='bbox 781 2350 1082 2420; x_wconf 90' lang='lat' dir='ltr'>nequeat,</span> <span class='ocrx_word' id='word_1_101' title='bbox 1114 2343 1306 2406; x_wconf 88' lang='lat' dir='ltr'>finita</span> <span class='ocrx_word' id='word_1_102' title='bbox 1338 2350 1629 2421; x_wconf 88' lang='lat' dir='ltr'>potestas</span> <span class='ocrx_word' id='word_1_103' title='bbox 1661 2343 1943 2421; x_wconf 91' lang='lat' dir='ltr'>denique</span> <span class='ocrx_word' id='word_1_104' title='bbox 1977 2342 2212 2419; x_wconf 91' lang='lat' dir='ltr'>cuique</span> 
     </span>
     <span class='ocr_line' id='line_1_18' title="bbox 585 2451 2374 2530; baseline -0.001 -15"><span class='ocrx_word' id='word_1_105' title='bbox 585 2473 872 2529; x_wconf 88' lang='lat' dir='ltr'>quanam</span> <span class='ocrx_word' id='word_1_106' title='bbox 905 2453 991 2515; x_wconf 91' lang='lat' dir='ltr'>sit</span> <span class='ocrx_word' id='word_1_107' title='bbox 1024 2452 1279 2516; x_wconf 90' lang='lat' dir='ltr'>ratione</span> <span class='ocrx_word' id='word_1_108' title='bbox 1313 2459 1511 2530; x_wconf 87' lang='lat' dir='ltr'>atque</span> <span class='ocrx_word' id='word_1_109' title='bbox 1544 2454 1676 2516; x_wconf 87' lang='lat' dir='ltr'>alte</span> <span class='ocrx_word' id='word_1_110' title='bbox 1707 2451 2032 2516; x_wconf 90' lang='lat' dir='ltr'>terminus</span> <span class='ocrx_word' id='word_1_111' title='bbox 2063 2453 2374 2527; x_wconf 88' lang='lat' dir='ltr'>haerens;</span> 
     </span>
     <span class='ocr_line' id='line_1_19' title="bbox 501 2562 2172 2639; baseline 0 -15"><span class='ocrx_word' id='word_1_112' title='bbox 501 2582 716 2639; x_wconf 93' lang='lat' dir='ltr'>—quo</span> <span class='ocrx_word' id='word_1_113' title='bbox 747 2562 955 2639; x_wconf 86' lang='lat' dir='ltr'>magis</span> <span class='ocrx_word' id='word_1_114' title='bbox 990 2570 1288 2625; x_wconf 88' lang='lat' dir='ltr'>errantes</span> <span class='ocrx_word' id='word_1_115' title='bbox 1320 2583 1510 2626; x_wconf 86' lang='lat' dir='ltr'>caeca</span> <span class='ocrx_word' id='word_1_116' title='bbox 1543 2562 1799 2625; x_wconf 87' lang='lat' dir='ltr'>ratione</span> <span class='ocrx_word' id='word_1_117' title='bbox 1835 2562 2172 2625; x_wconf 82' lang='lat' dir='ltr'>feruntur.</span> 
     </span>
    </p>

    <p class='ocr_par' dir='ltr' id='par_1_8' title="bbox 588 2671 2234 2750">
     <span class='ocr_line' id='line_1_20' title="bbox 588 2671 2234 2750; baseline 0 -16"><span class='ocrx_word' id='word_1_118' title='bbox 588 2692 754 2749; x_wconf 82' lang='lat' dir='ltr'>quae</span> <span class='ocrx_word' id='word_1_119' title='bbox 787 2671 915 2734; x_wconf 94' lang='lat' dir='ltr'>nisi</span> <span class='ocrx_word' id='word_1_120' title='bbox 945 2672 1204 2750; x_wconf 90' lang='lat' dir='ltr'>respuis</span> <span class='ocrx_word' id='word_1_121' title='bbox 1237 2694 1314 2736; x_wconf 87' lang='lat' dir='ltr'>ex</span> <span class='ocrx_word' id='word_1_122' title='bbox 1348 2673 1568 2735; x_wconf 90' lang='lat' dir='ltr'>animo</span> <span class='ocrx_word' id='word_1_123' title='bbox 1598 2674 1917 2750; x_wconf 87' lang='lat' dir='ltr'>longeque</span> <span class='ocrx_word' id='word_1_124' title='bbox 1949 2671 2234 2735; x_wconf 89' lang='lat' dir='ltr'>remittis</span> 
     </span>
    </p>

    <p class='ocr_par' dir='ltr' id='par_1_9' title="bbox 587 2781 2134 2968">
     <span class='ocr_line' id='line_1_21' title="bbox 587 2781 2134 2859; baseline 0.001 -18"><span class='ocrx_word' id='word_1_125' title='bbox 587 2781 690 2842; x_wconf 91' lang='lat' dir='ltr'>dis</span> <span class='ocrx_word' id='word_1_126' title='bbox 721 2781 998 2859; x_wconf 89' lang='lat' dir='ltr'>indigna</span> <span class='ocrx_word' id='word_1_127' title='bbox 1031 2788 1268 2859; x_wconf 85' lang='lat' dir='ltr'>putare</span> <span class='ocrx_word' id='word_1_128' title='bbox 1303 2782 1645 2859; x_wconf 89' lang='lat' dir='ltr'>alienaque</span> <span class='ocrx_word' id='word_1_129' title='bbox 1679 2782 1859 2859; x_wconf 89' lang='lat' dir='ltr'>pacis</span> <span class='ocrx_word' id='word_1_130' title='bbox 1890 2801 2134 2857; x_wconf 91' lang='lat' dir='ltr'>eorum,</span> 
     </span>
     <span class='ocr_line' id='line_1_22' title="bbox 587 2889 2076 2968; baseline 0.001 -16"><span class='ocrx_word' id='word_1_131' title='bbox 587 2889 876 2953; x_wconf 90' lang='lat' dir='ltr'>delibata</span> <span class='ocrx_word' id='word_1_132' title='bbox 909 2891 1104 2953; x_wconf 85' lang='lat' dir='ltr'>deum</span> <span class='ocrx_word' id='word_1_133' title='bbox 1137 2911 1256 2968; x_wconf 91' lang='lat' dir='ltr'>per</span> <span class='ocrx_word' id='word_1_134' title='bbox 1287 2899 1351 2955; x_wconf 90' lang='lat' dir='ltr'>te</span> <span class='ocrx_word' id='word_1_135' title='bbox 1383 2892 1506 2954; x_wconf 91' lang='lat' dir='ltr'>tibi</span> <span class='ocrx_word' id='word_1_136' title='bbox 1541 2891 1816 2954; x_wconf 91' lang='lat' dir='ltr'>numina</span> <span class='ocrx_word' id='word_1_137' title='bbox 1848 2899 2076 2954; x_wconf 88' lang='lat' dir='ltr'>sancta</span> 
     </span>
    </p>

    <p class='ocr_par' dir='ltr' id='par_1_10' title="bbox 587 3000 2370 3188">
     <span class='ocr_line' id='line_1_23' title="bbox 587 3000 2370 3078; baseline 0 -17"><span class='ocrx_word' id='word_1_138' title='bbox 587 3019 778 3077; x_wconf 88' lang='lat' dir='ltr'>saepe</span> <span class='ocrx_word' id='word_1_139' title='bbox 811 3001 1124 3076; x_wconf 83' lang='lat' dir='ltr'>oberunt3</span> <span class='ocrx_word' id='word_1_140' title='bbox 1157 3021 1289 3063; x_wconf 91' lang='lat' dir='ltr'>non</span> <span class='ocrx_word' id='word_1_141' title='bbox 1322 3021 1454 3078; x_wconf 91' lang='lat' dir='ltr'>quo</span> <span class='ocrx_word' id='word_1_142' title='bbox 1481 3000 1722 3063; x_wconf 91' lang='lat' dir='ltr'>uiolari</span> <span class='ocrx_word' id='word_1_143' title='bbox 1753 3022 2007 3063; x_wconf 89' lang='lat' dir='ltr'>summa</span> <span class='ocrx_word' id='word_1_144' title='bbox 2038 3001 2234 3063; x_wconf 90' lang='lat' dir='ltr'>deum</span> <span class='ocrx_word' id='word_1_145' title='bbox 2264 3000 2370 3062; x_wconf 88' lang='lat' dir='ltr'>uis</span> 
     </span>
     <span class='ocr_line' id='line_1_24' title="bbox 587 3109 2214 3188; baseline 0.001 -17"><span class='ocrx_word' id='word_1_146' title='bbox 587 3109 810 3186; x_wconf 88' lang='lat' dir='ltr'>possit,</span> <span class='ocrx_word' id='word_1_147' title='bbox 845 3116 922 3172; x_wconf 94' lang='lat' dir='ltr'>ut</span> <span class='ocrx_word' id='word_1_148' title='bbox 957 3131 1036 3172; x_wconf 86' lang='lat' dir='ltr'>ex</span> <span class='ocrx_word' id='word_1_149' title='bbox 1065 3110 1169 3172; x_wconf 90' lang='lat' dir='ltr'>ira</span> <span class='ocrx_word' id='word_1_150' title='bbox 1202 3130 1444 3188; x_wconf 91' lang='lat' dir='ltr'>poenas</span> <span class='ocrx_word' id='word_1_151' title='bbox 1479 3118 1703 3188; x_wconf 86' lang='lat' dir='ltr'>petere</span> <span class='ocrx_word' id='word_1_152' title='bbox 1737 3110 1991 3172; x_wconf 91' lang='lat' dir='ltr'>inbibat</span> <span class='ocrx_word' id='word_1_153' title='bbox 2026 3110 2214 3186; x_wconf 76' lang='lat' dir='ltr'>acriS,</span> 
     </span>
    </p>

    <p class='ocr_par' dir='ltr' id='par_1_11' title="bbox 587 3218 2162 3406">
     <span class='ocr_line' id='line_1_25' title="bbox 587 3218 2162 3297; baseline 0.001 -18"><span class='ocrx_word' id='word_1_154' title='bbox 587 3219 700 3280; x_wconf 91' lang='lat' dir='ltr'>sed</span> <span class='ocrx_word' id='word_1_155' title='bbox 730 3218 886 3295; x_wconf 92' lang='lat' dir='ltr'>quia</span> <span class='ocrx_word' id='word_1_156' title='bbox 915 3226 1058 3282; x_wconf 89' lang='lat' dir='ltr'>tute</span> <span class='ocrx_word' id='word_1_157' title='bbox 1089 3219 1212 3282; x_wconf 93' lang='lat' dir='ltr'>tibi</span> <span class='ocrx_word' id='word_1_158' title='bbox 1243 3220 1506 3297; x_wconf 80' lang='lat' dir='ltr'>placida</span> <span class='ocrx_word' id='word_1_159' title='bbox 1538 3240 1686 3282; x_wconf 89' lang='lat' dir='ltr'>cum</span> <span class='ocrx_word' id='word_1_160' title='bbox 1717 3239 1876 3297; x_wconf 87' lang='lat' dir='ltr'>pace</span> <span class='ocrx_word' id='word_1_161' title='bbox 1908 3218 2162 3295; x_wconf 87' lang='lat' dir='ltr'>quietos</span> 
     </span>
     <span class='ocr_line' id='line_1_26' title="bbox 588 3327 2129 3406; baseline 0.001 -17"><span class='ocrx_word' id='word_1_162' title='bbox 588 3327 945 3391; x_wconf 89' lang='lat' dir='ltr'>constitues</span> <span class='ocrx_word' id='word_1_163' title='bbox 976 3349 1247 3406; x_wconf 85' lang='lat' dir='ltr'>magnos</span> <span class='ocrx_word' id='word_1_164' title='bbox 1281 3329 1533 3392; x_wconf 90' lang='lat' dir='ltr'>irarum</span> <span class='ocrx_word' id='word_1_165' title='bbox 1567 3330 1836 3392; x_wconf 85' lang='lat' dir='ltr'>uoluere</span> <span class='ocrx_word' id='word_1_166' title='bbox 1870 3328 2129 3404; x_wconf 80' lang='lat' dir='ltr'>fluctUS,</span> 
     </span>
    </p>

    <p class='ocr_par' dir='ltr' id='par_1_12' title="bbox 503 3437 2318 3954">
     <span class='ocr_line' id='line_1_27' title="bbox 586 3437 2261 3515; baseline 0.001 -18"><span class='ocrx_word' id='word_1_167' title='bbox 586 3456 705 3499; x_wconf 92' lang='lat' dir='ltr'>nec</span> <span class='ocrx_word' id='word_1_168' title='bbox 734 3437 1011 3501; x_wconf 91' lang='lat' dir='ltr'>delubra</span> <span class='ocrx_word' id='word_1_169' title='bbox 1040 3439 1233 3500; x_wconf 87' lang='lat' dir='ltr'>deum</span> <span class='ocrx_word' id='word_1_170' title='bbox 1266 3438 1529 3515; x_wconf 90' lang='lat' dir='ltr'>placido</span> <span class='ocrx_word' id='word_1_171' title='bbox 1558 3459 1706 3500; x_wconf 89' lang='lat' dir='ltr'>cum</span> <span class='ocrx_word' id='word_1_172' title='bbox 1738 3445 1998 3515; x_wconf 92' lang='lat' dir='ltr'>pectore</span> <span class='ocrx_word' id='word_1_173' title='bbox 2032 3438 2261 3513; x_wconf 82' lang='lat' dir='ltr'>adibis,</span> 
     </span>
     <span class='ocr_line' id='line_1_28' title="bbox 586 3546 2318 3625; baseline 0.001 -19"><span class='ocrx_word' id='word_1_174' title='bbox 586 3567 705 3609; x_wconf 91' lang='lat' dir='ltr'>nec</span> <span class='ocrx_word' id='word_1_175' title='bbox 741 3547 820 3609; x_wconf 91' lang='lat' dir='ltr'>de</span> <span class='ocrx_word' id='word_1_176' title='bbox 852 3566 1122 3625; x_wconf 86' lang='lat' dir='ltr'>corpore</span> <span class='ocrx_word' id='word_1_177' title='bbox 1157 3568 1323 3625; x_wconf 90' lang='lat' dir='ltr'>quae</span> <span class='ocrx_word' id='word_1_178' title='bbox 1356 3554 1584 3610; x_wconf 91' lang='lat' dir='ltr'>sancto</span> <span class='ocrx_word' id='word_1_179' title='bbox 1616 3548 1967 3610; x_wconf 88' lang='lat' dir='ltr'>simulacra</span> <span class='ocrx_word' id='word_1_180' title='bbox 2002 3546 2318 3610; x_wconf 83' lang='lat' dir='ltr'>feruntur</span> 
     </span>
     <span class='ocr_line' id='line_1_29' title="bbox 587 3656 2191 3733; baseline 0.001 -17"><span class='ocrx_word' id='word_1_181' title='bbox 587 3656 659 3716; x_wconf 92' lang='lat' dir='ltr'>in</span> <span class='ocrx_word' id='word_1_182' title='bbox 692 3663 938 3718; x_wconf 89' lang='lat' dir='ltr'>mentes</span> <span class='ocrx_word' id='word_1_183' title='bbox 971 3657 1308 3719; x_wconf 90' lang='lat' dir='ltr'>hominum</span> <span class='ocrx_word' id='word_1_184' title='bbox 1344 3657 1612 3720; x_wconf 90' lang='lat' dir='ltr'>diuinae</span> <span class='ocrx_word' id='word_1_185' title='bbox 1647 3657 1887 3719; x_wconf 91' lang='lat' dir='ltr'>nuntia</span> <span class='ocrx_word' id='word_1_186' title='bbox 1922 3656 2191 3733; x_wconf 82' lang='lat' dir='ltr'>formae,</span> 
     </span>
     <span class='ocr_line' id='line_1_30' title="bbox 588 3766 2242 3844; baseline 0.001 -18"><span class='ocrx_word' id='word_1_187' title='bbox 588 3766 916 3843; x_wconf 88' lang='lat' dir='ltr'>suscipere</span> <span class='ocrx_word' id='word_1_188' title='bbox 948 3768 1106 3829; x_wconf 90' lang='lat' dir='ltr'>haec</span> <span class='ocrx_word' id='word_1_189' title='bbox 1141 3767 1344 3829; x_wconf 86' lang='lat' dir='ltr'>animi</span> <span class='ocrx_word' id='word_1_190' title='bbox 1379 3766 1745 3844; x_wconf 87' lang='lat' dir='ltr'>tranquilla</span> <span class='ocrx_word' id='word_1_191' title='bbox 1780 3787 1939 3844; x_wconf 90' lang='lat' dir='ltr'>pace</span> <span class='ocrx_word' id='word_1_192' title='bbox 1974 3766 2242 3829; x_wconf 86' lang='lat' dir='ltr'>ualebis.</span> 
     </span>
     <span class='ocr_line' id='line_1_31' title="bbox 503 3874 2133 3954; baseline 0.001 -19"><span class='ocrx_word' id='word_1_193' title='bbox 503 3874 741 3938; x_wconf 84' lang='lat' dir='ltr'>—inde</span> <span class='ocrx_word' id='word_1_194' title='bbox 771 3875 997 3938; x_wconf 89' lang='lat' dir='ltr'>uidere</span> <span class='ocrx_word' id='word_1_195' title='bbox 1030 3876 1181 3939; x_wconf 91' lang='lat' dir='ltr'>licet</span> <span class='ocrx_word' id='word_1_196' title='bbox 1214 3876 1426 3954; x_wconf 90' lang='lat' dir='ltr'>qualis</span> <span class='ocrx_word' id='word_1_197' title='bbox 1460 3876 1590 3939; x_wconf 90' lang='lat' dir='ltr'>iam</span> <span class='ocrx_word' id='word_1_198' title='bbox 1623 3876 1767 3938; x_wconf 91' lang='lat' dir='ltr'>uita</span> <span class='ocrx_word' id='word_1_199' title='bbox 1800 3882 2133 3953; x_wconf 89' lang='lat' dir='ltr'>sequatur.</span> 
     </span>
    </p>
   </div>
   <div class='ocr_carea' id='block_1_3' title="bbox 645 4006 971 4124">
    <p class='ocr_par' dir='ltr' id='par_1_13' title="bbox 645 4006 971 4124">
     <span class='ocr_line' id='line_1_32' title="bbox 645 4006 943 4056; baseline 0.007 -3"><span class='ocrx_word' id='word_1_200' title='bbox 645 4006 710 4054; x_wconf 89' lang='grc'>66</span> <span class='ocrx_word' id='word_1_201' title='bbox 733 4006 943 4056; x_wconf 87' lang='lat' dir='ltr'>rationi</span> 
     </span>
     <span class='ocr_line' id='line_1_33' title="bbox 647 4074 971 4124; baseline 0.006 -2"><span class='ocrx_word' id='word_1_202' title='bbox 647 4074 710 4122; x_wconf 84' lang='lat'>71</span> <span class='ocrx_word' id='word_1_203' title='bbox 732 4074 971 4124; x_wconf 87' lang='lat' dir='ltr'>oderunt</span> 
     </span>
    </p>
   </div>
   <div class='ocr_carea' id='block_1_4' title="bbox 1573 4167 1720 4218">
    <p class='ocr_par' dir='ltr' id='par_1_14' title="bbox 1573 4167 1720 4218">
     <span class='ocr_line' id='line_1_34' title="bbox 1573 4167 1720 4218; baseline 0.007 -10"><span class='ocrx_word' id='word_1_204' title='bbox 1573 4167 1720 4218; x_wconf 86' lang='lat'>[216]</span> 
     </span>
    </p>
   </div>
   <div class='ocr_carea' id='block_1_5' title="bbox 2840 692 2907 740">
    <p class='ocr_par' dir='ltr' id='par_1_15' title="bbox 2840 692 2907 740">
     <span class='ocr_line' id='line_1_35' title="bbox 2840 692 2907 740; baseline 0 0"><span class='ocrx_word' id='word_1_205' title='bbox 2840 692 2907 740; x_wconf 89' lang='grc'>50</span> 
     </span>
    </p>
   </div>
   <div class='ocr_carea' id='block_1_6' title="bbox 2840 1241 2906 1288">
    <p class='ocr_par' dir='ltr' id='par_1_16' title="bbox 2840 1241 2906 1288">
     <span class='ocr_line' id='line_1_36' title="bbox 2840 1241 2906 1288; baseline 0 0"><span class='ocrx_word' id='word_1_206' title='bbox 2840 1241 2906 1288; x_wconf 88' lang='grc'>55</span> 
     </span>
    </p>
   </div>
   <div class='ocr_carea' id='block_1_7' title="bbox 2838 1789 2903 1839">
    <p class='ocr_par' dir='ltr' id='par_1_17' title="bbox 2838 1789 2903 1839">
     <span class='ocr_line' id='line_1_37' title="bbox 2838 1789 2903 1839; baseline -0.031 0"><span class='ocrx_word' id='word_1_207' title='bbox 2838 1789 2903 1839; x_wconf 88' lang='grc'>60</span> 
     </span>
    </p>
   </div>
   <div class='ocr_carea' id='block_1_8' title="bbox 2836 2339 2899 2387">
    <p class='ocr_par' dir='ltr' id='par_1_18' title="bbox 2836 2339 2899 2387">
     <span class='ocr_line' id='line_1_38' title="bbox 2836 2339 2899 2387; baseline 0 0"><span class='ocrx_word' id='word_1_208' title='bbox 2836 2339 2899 2387; x_wconf 91' lang='grc'>65</span> 
     </span>
    </p>
   </div>
   <div class='ocr_carea' id='block_1_9' title="bbox 2836 2888 2895 2937">
    <p class='ocr_par' dir='ltr' id='par_1_19' title="bbox 2836 2888 2895 2937">
     <span class='ocr_line' id='line_1_39' title="bbox 2836 2888 2895 2937; baseline 0.017 -1"><span class='ocrx_word' id='word_1_209' title='bbox 2836 2888 2895 2937; x_wconf 84' lang='grc'>70</span> 
     </span>
    </p>
   </div>
   <div class='ocr_carea' id='block_1_10' title="bbox 3141 1487 3145 2024">
    <p class='ocr_par' dir='ltr' id='par_1_20' title="bbox 3141 1487 3145 2024">
     <span class='ocr_line' id='line_1_40' title="bbox 3141 1487 3145 2024; baseline 0 0"><span class='ocrx_word' id='word_1_210' title='bbox 3141 1487 3145 2024; x_wconf 95' lang='lat' dir='ltr'> </span> 
     </span>
    </p>
   </div>
  </div>
 </body>
</html>
