3182 4602
1295 345 1355 396 Τ.
1393 345 1720 396 LVGBETI
1755 346 1933 398 CARI

553 560 912 654 indugredi
941 549 1220 626 sceleris.
1299 565 1475 642 quod
1510 569 1741 628 contra
1774 564 2037 643 saepius
2070 563 2187 629 illa

554 671 789 750 religio
818 672 1077 750 peperit
1109 674 1424 738 scelerosa
1455 680 1654 751 atque
1686 674 1891 752 impia
1924 674 2125 738 facta.

1145 779 1584 830 EXEMPLVM
1636 780 2081 832 RELIGIONIS

552 865 799 930 Aulide
832 887 964 946 quo
993 874 1189 946 pacto
1222 869 1476 932 Triuiai
1507 869 1794 947 uirginis
1826 891 2011 934 aram

552 975 970 1054 Iphianassai
1000 984 1367 1057 turparunt
1397 979 1720 1058 sanguine
1751 978 1943 1044 foede
2802 974 2871 1024 85

554 1087 858 1150 ductores
892 1087 1198 1151 Danaum
1234 1089 1489 1166 delecti,
1524 1088 1743 1168 prima
1777 1089 2096 1153 uirorum.

553 1195 662 1259 cui
693 1195 889 1260 simul
919 1197 1142 1262 infula
1170 1198 1505 1276 uirgineos
1537 1198 1949 1262 circumdata
1981 1203 2281 1277 comptus

551 1326 631 1368 ex
661 1312 944 1385 utraque
977 1307 1127 1386 pari
1159 1309 1484 1371 malarum
1516 1315 1708 1387 parte
1744 1307 2103 1386 profusast,

551 1422 617 1480 et
645 1422 967 1480 maestum
993 1417 1190 1480 simul
1219 1425 1372 1482 ante
1401 1439 1550 1481 aras
1580 1419 1845 1482 adstare
1875 1425 2217 1496 parentem

547 1526 753 1589 sensit
784 1531 848 1588 et
876 1527 1054 1589 hunc
1084 1534 1360 1605 propter
1392 1527 1650 1590 ferrum
1680 1528 1890 1590 celare
1921 1527 2261 1590 ministros
2801 1523 2870 1572 90

549 1642 950 1714 aspectuque
982 1657 1103 1700 suo
1131 1636 1809 1706 lacrimaseffundere
1840 1637 2020 1714 civis,

547 1752 734 1809 muta
765 1752 944 1810 metu
976 1753 1223 1810 terram
1257 1747 1533 1825 genibus
1564 1746 1909 1810 summissa
1943 1749 2227 1825 petebat.

463 1877 668 1920 —nec
698 1856 974 1920 miserae
1004 1857 1312 1934 prodesse
1343 1857 1414 1918 in
1445 1856 1567 1919 tali
1598 1862 1893 1934 tempore
1923 1856 2154 1934 quibat

549 1966 724 2045 quod
759 1965 980 2044 patrio
1009 1965 1320 2044 princeps
1352 1967 1636 2029 donarat
1667 1965 1930 2029 nomine
1962 1986 2215 2050 regem;

547 2096 702 2140 nam
731 2076 994 2139 sublata
1021 2075 1246 2138 uirum
1275 2075 1580 2138 manibus
1607 2075 2160 2154 tremibundaque
2192 2076 2279 2139 ad
2308 2095 2457 2139 aras
2800 2071 2869 2121 95

549 2186 916 2262 deductast,
950 2205 1083 2248 non
1115 2191 1192 2248 ut
1225 2185 1521 2248 sollemni
1555 2205 1734 2248 more
1767 2205 2100 2248 sacrorum

549 2294 847 2375 perfecto
881 2301 1099 2375 posset
1132 2296 1313 2359 claro
1341 2295 1642 2359 comitari
1676 2295 2079 2371 Hymenan,

549 2407 663 2469 sed
697 2413 876 2469 casta
907 2406 1151 2469 inceste
1183 2405 1477 2469 nubendi
1507 2412 1803 2483 tempore
1834 2405 1907 2466 in
1938 2404 2081 2483 ipso

511 2582 516 2585 ,
549 2516 764 2580 hostia
797 2515 1167 2579 concideret
1199 2521 1494 2578 mactatu
1523 2522 1773 2577 maesta
1806 2513 2121 2592 parentiS,

550 2626 767 2688 exitus
796 2631 874 2689 ut
906 2624 1095 2688 classi
1129 2624 1294 2686 felix
1326 2624 1718 2701 faustusque
1750 2624 2046 2686 daretur.
2766 2620 2867 2670 100

464 2742 814 2799 —tantum
844 2734 1076 2813 religio
1107 2734 1327 2813 potuit
1359 2735 1636 2797 suadere
1667 2734 2009 2797 malorum.

678 2930 981 2993 Tutemet
1011 2950 1051 2992 a
1077 2928 1266 2992 nobis
1295 2928 1425 2991 iam
1456 2928 1691 3005 quouis
1720 2935 2015 3005 tempore
2044 2933 2278 2990 uatum

549 3039 930 3117 terriloquis
960 3038 1182 3101 uictus
1214 3038 1411 3100 dictis
1442 3037 1796 3100 desciscere
1828 3057 2119 3114 quaereS.

465 3150 799 3228 —quippe
830 3148 1072 3213 etenim
1099 3169 1296 3226 quam
1325 3148 1536 3210 multa
1563 3146 1689 3209 tibi
1718 3147 1849 3209 iam
1877 3146 2125 3224 fingere
2156 3152 2431 3225 possunt

549 3259 803 3322 somnia
830 3279 997 3336 quae
1022 3258 1203 3321 uitae
1230 3256 1519 3319 rationes
1547 3262 1808 3319 uertere
1836 3256 2090 3334 possint
2766 3253 2868 3303 105

552 3368 989 3445 fortunasque
1022 3372 1174 3430 tuas
1210 3366 1418 3429 omnis
1451 3367 1726 3429 turbare
1760 3365 2029 3427 timore!
2121 3444 2125 3449 Ι

1327 3472 1537 3522 FINIS
1570 3470 1896 3521 DOLORIS

553 3569 617 3627 et
645 3562 915 3637 merito;
945 3582 1100 3625 nam
1130 3561 1185 3623 si
1216 3568 1463 3623 certam
1492 3560 1689 3623 finem
1721 3580 1855 3623 esse
1884 3558 2192 3623 uiderent

551 3692 1018 3737 aerumnarum
1050 3670 1364 3746 homines,
1401 3669 1624 3746 aliqua
1657 3669 1913 3733 ratione
1944 3669 2247 3732 ualerent

551 3780 980 3859 religionibus
1016 3786 1214 3858 atque
1247 3779 1445 3841 minis
1480 3778 1790 3873 obsistere
1824 3784 2077 3841 uatum.

464 3912 728 3955 ——nunc
761 3890 936 3955 ratio
962 3890 1151 3954 nulla
1182 3895 1279 3951 est
1311 3888 1626 3964 restandi,
1660 3888 1849 3951 nulla
1879 3887 2185 3965 facultaS‚
2766 3886 2867 3937 110

552 4008 853 4066 aeternas
886 3999 1196 4077 quoniam
1229 4018 1472 4078 poenas
1507 3998 1578 4059 in
1612 4003 1819 4060 morte
1853 3997 2256 4074 timendum;

1575 4137 1659 4189 [4]
