3182 4602
1061 361 1162 411 DE
1199 360 1463 411 RERVM
1498 360 1807 410 NATVRA
1848 359 1949 409 111

477 575 847 653 quicquam,
880 595 1013 638 non
1045 575 1222 638 omni
1253 596 1477 639 somno
1509 573 1804 639 securius
1837 577 2093 638 exstat?

529 764 736 830 QVAE
771 765 876 815 AD
907 763 1239 815 INFEROS
1274 764 1669 815 DICANTVR
1702 764 1804 815 EA
1837 763 2075 851 VlsrAE
2111 762 2329 812 VI'I'IA
2362 761 2545 812 ESSE

602 855 824 931 Atque
863 875 938 917 ea
973 854 1290 916 nimirum
1328 873 1775 931 quaecumque
1813 853 2193 915 Acherunte
2233 850 2574 929 profundo

477 963 748 1041 prodita
776 970 933 1026 sunt
965 983 1118 1041 esse,
1149 963 1221 1024 in
1253 963 1397 1026 uita
1426 970 1582 1026 sunt
1617 962 1835 1026 omnia
1866 961 2072 1025 nobis,

391 1094 596 1136 —nec
627 1073 823 1136 miser
854 1073 1222 1151 inpendens
1253 1094 1567 1150 magnum
1598 1072 1788 1136 timet
1820 1092 1969 1135 aere
2000 1091 2232 1135 saxum
2690 1065 2787 1115 980

480 1184 819 1259 TantaluS,
857 1189 936 1246 ut
973 1181 1237 1259 famast,
1277 1202 1461 1245 cassa
1496 1180 1856 1244 formidine
1893 1187 2199 1259 torpens3

479 1293 594 1355 sed
625 1292 835 1371 magis
867 1292 939 1353 in
970 1292 1116 1354 uita
1148 1291 1374 1354 diuom
1405 1297 1621 1353 metus
1652 1297 1849 1368 urget
1882 1290 2101 1353 inanis
2246 1268 2251 1273 ⁸

480 1402 779 1464 mortalis
812 1422 1161 1479 casumque
1193 1402 1430 1464 timent
1465 1421 1659 1478 quem
1692 1400 1927 1478 cuique
1962 1399 2140 1462 ferat
2174 1398 2333 1461 forst.

481 1532 598 1575 ‘nec
633 1511 876 1588 Tityon
905 1511 1208 1574 uolucres
1237 1511 1471 1574 ineunt
1504 1511 1887 1573 Acherunte
1919 1509 2238 1572 iacentem

481 1642 618 1698 nec,
649 1622 824 1698 quod
853 1622 973 1684 sub
1003 1640 1244 1698 magno
1271 1626 1655 1683 scrutentur
1686 1626 1967 1697 pectore,
2001 1617 2351 1695 quicquam
2693 1613 2792 1663 985

482 1738 873 1809 perpetuam
911 1737 1191 1793 aetatem
1227 1736 1503 1809 possunt
1537 1728 1830 1807 reperire
1866 1727 2184 1807 profecto.

452 1840 844 1918 (quamlibet
878 1840 1149 1903 immani
1182 1839 1483 1917 proiectu
1515 1838 1809 1917 corporis
1844 1820 2071 1913 exstet,

484 1950 597 2027 qui
629 1969 761 2011 non
793 1950 930 2013 sola
959 1934 1210 2011 nouem
1229 1949 1539 2027 dispessis
1571 1949 1803 2026 iugera
1834 1946 2141 2010 membris

485 2060 801 2138 optineat,
831 2060 945 2122 sed
975 2059 1090 2135 qui
1118 2058 1327 2122 terrai
1353 2058 1560 2121 totius
1591 2059 1831 2134 orbem,

483 2189 616 2231 non
644 2177 865 2231 tamen
896 2176 1237 2232 aeternum
1269 2168 1514 2245 poterit
1542 2166 1843 2246 perferre
1876 2167 2165 2229 dolorem
2696 2160 2795 2210 990

484 2299 603 2342 nec
636 2280 951 2357 praebere
985 2278 1202 2341 cibum
1238 2277 1510 2362 proprio
1542 2278 1624 2341 de
1659 2297 1930 2355 corpore
1964 2276 2271 2354 semper.)
2677 2254 2680 2259 ¹

399 2389 598 2450 ——sed
634 2389 860 2465 Tityos
893 2389 1080 2451 nobis
1111 2389 1218 2451 hic
1252 2396 1366 2464 est,
1403 2388 1473 2449 in
1508 2365 1737 2450 amore·
1759 2387 2077 2478 iacentem
2270 2365 2275 2372 ⁵

488 2519 678 2576 quem
710 2499 1012 2561 uolucres
1043 2499 1340 2561 lacerant
1373 2504 1570 2574 atque
1606 2504 1783 2560 exest
1818 2496 2056 2559 anxius
2091 2516 2296 2572 angor

488 2615 604 2670 aut
641 2608 771 2670 alia
806 2608 1068 2696 quauis
1077 2607 1390 2671 scindunt
1426 2607 1797 2685 cuppedine
1834 2627 2049 2668 curae.
2311 2599 2321 2608 ’
2716 2689 2721 2692 ¹

489 2717 862 2794 Sisyphus
845 2737 916 2777 111
945 2687 1090 2779 uita
1120 2737 1376 2811 quoque
1408 2717 1595 2779 nobis
1628 2723 1780 2779 ante
1813 2716 2032 2778 oculos
2063 2721 2161 2778 est
2700 2709 2799 2760 995

489 2827 603 2904 qui
638 2833 859 2905 petere
896 2848 933 2890 a
966 2827 1216 2914 populo
1248 2801 1458 2888 ¹fasces
1491 2845 1849 2902 saeuasque
1884 2844 2142 2887 secures

489 2936 748 2998 imbibit
781 2943 844 2999 et
877 2927 1131 3013 semper
1163 2935 1384 2998 uictus
1413 2935 1753 3011 tristisque
1789 2933 2055 2996 recedit.

403 3067 642 3108 —nam
674 3053 894 3124 petere
927 3042 1278 3122 imperium
1307 3045 1481 3121 quod
1513 3043 1773 3106 inanest
1802 3063 1921 3106 nec
1951 3044 2153 3105 datur
2182 3062 2515 3119 umquam,

492 3163 688 3233 atque
718 3155 789 3216 in
818 3175 892 3218 eo
922 3174 1176 3231 semper
1207 3155 1448 3240 durum
1480 3154 1757 3216 sufferre
1785 3154 2094 3229 laborem,

489 3265 609 3326 hoc
645 3272 740 3327 est
776 3265 1057 3326 aduerso
1087 3247 1426 3356 nixantem
1460 3263 1731 3362 trudere
1766 3269 1984 3324 monte
2054 3264 2059 3268 ’
2668 3247 2799 3306 1000

490 3394 720 3436 saxum
754 3374 929 3450 quod
964 3380 1184 3435 tamen
1228 3382 1409 3443 <e>
1452 3355 1707 3433 summo
1739 3352 1867 3434 iam
1902 3369 2150 3468 uertice
2186 3390 2413 3432 rusum

491 3483 791 3546 uoluitur
823 3490 887 3545 et
920 3483 1106 3560 plani
1137 3463 1384 3582 raptim
1416 3473 1585 3560 petit
1620 3501 1904 3580 aequora
1936 3461 2171 3558 campi.

406 3593 730 3656 ——deinde
760 3592 963 3655 animi
994 3592 1326 3670 ingratam
1356 3598 1668 3654 naturam
1700 3611 1965 3684 pascere
1996 3610 2251 3667 semper

493 3709 690 3779 atque
724 3703 984 3780 explere
1015 3699 1204 3764 bonis
1235 3703 1430 3764 rebus
1443 3700 1832 3796 satiareque
1864 3719 2244 3776 numquam,

463 3813 670 3889 (quod
706 3811 966 3874 faciunt
1000 3811 1186 3872 nobis
1221 3831 1545 3873 annorum
1577 3788 1895 3887 tempora,
1930 3807 2178 3870 circum
2535 3783 2539 3792 ¹
2580 3802 2585 3809 ⁴
2670 3801 2801 3852 1005

492 3943 642 3985 cum
673 3922 954 3983 redeunt
986 3919 1292 3996 fetusque
1324 3919 1555 3980 ferunt
1587 3917 1937 3994 uariosque
1970 3918 2243 3998 leporeS,

518 4053 618 4102 993
642 4053 774 4114 fort.
811 4051 959 4099 liuor
994 4051 1212 4099 lacerat

1481 4133 1637 4186 1114}
