<?xml version="1.0" encoding="UTF-8"?>
<!DOCTYPE html PUBLIC "-//W3C//DTD XHTML 1.0 Transitional//EN"
    "http://www.w3.org/TR/xhtml1/DTD/xhtml1-transitional.dtd">
<html xmlns="http://www.w3.org/1999/xhtml" xml:lang="en" lang="en">
 <head>
  <title>
</title>
<meta http-equiv="Content-Type" content="text/html;charset=utf-8" />
  <meta name='ocr-system' content='tesseract 3.04.00' />
  <meta name='ocr-capabilities' content='ocr_page ocr_carea ocr_par ocr_line ocrx_word'/>
</head>
<body>
  <div class='ocr_page' id='page_1' title='image "./lvcretiderervmn00unkngoog_0247.png"; bbox 0 0 3182 4602; ppageno 0'>
   <div class='ocr_carea' id='block_1_1' title="bbox 1092 435 1967 486">
    <p class='ocr_par' dir='ltr' id='par_1_1' title="bbox 1092 435 1967 486">
     <span class='ocr_line' id='line_1_1' title="bbox 1092 435 1967 486; baseline -0.001 -1"><span class='ocrx_word' id='word_1_1' title='bbox 1092 435 1195 486; x_wconf 78' lang='lat' dir='ltr'><strong>DE</strong></span> <span class='ocrx_word' id='word_1_2' title='bbox 1232 435 1496 485; x_wconf 81' lang='lat' dir='ltr'><strong><em>RERVM</em></strong></span> <span class='ocrx_word' id='word_1_3' title='bbox 1530 435 1841 485; x_wconf 73' lang='lat' dir='ltr'><strong><em>NATVRA</em></strong></span> <span class='ocrx_word' id='word_1_4' title='bbox 1887 435 1967 484; x_wconf 86' lang='lat' dir='ltr'><strong>VI</strong></span> 
     </span>
    </p>
   </div>
   <div class='ocr_carea' id='block_1_2' title="bbox 420 650 2833 2052">
    <p class='ocr_par' dir='ltr' id='par_1_2' title="bbox 420 650 2506 838">
     <span class='ocr_line' id='line_1_2' title="bbox 507 650 2506 729; baseline 0.001 -17"><span class='ocrx_word' id='word_1_5' title='bbox 507 657 702 728; x_wconf 86' lang='lat' dir='ltr'><strong>urget</strong></span> <span class='ocrx_word' id='word_1_6' title='bbox 744 657 957 722; x_wconf 89' lang='lat' dir='ltr'><strong>&lt;et&gt;</strong></span> <span class='ocrx_word' id='word_1_7' title='bbox 1000 671 1034 713; x_wconf 90' lang='lat' dir='ltr'><strong>e</strong></span> <span class='ocrx_word' id='word_1_8' title='bbox 1067 670 1309 729; x_wconf 89' lang='lat' dir='ltr'><strong>supero</strong></span> <span class='ocrx_word' id='word_1_9' title='bbox 1340 650 1582 729; x_wconf 82' lang='lat' dir='ltr'><strong>premit</strong></span> <span class='ocrx_word' id='word_1_10' title='bbox 1618 671 1692 714; x_wconf 89' lang='lat' dir='ltr'><strong>ac</strong></span> <span class='ocrx_word' id='word_1_11' title='bbox 1727 650 1895 714; x_wconf 82' lang='lat' dir='ltr'><strong>facit</strong></span> <span class='ocrx_word' id='word_1_12' title='bbox 1927 651 2180 714; x_wconf 89' lang='lat' dir='ltr'><strong>effluere</strong></span> <span class='ocrx_word' id='word_1_13' title='bbox 2213 650 2506 727; x_wconf 91' lang='lat' dir='ltr'><strong>imbris).</strong></span> 
     </span>
     <span class='ocr_line' id='line_1_3' title="bbox 420 759 2209 838; baseline -0.001 -15"><span class='ocrx_word' id='word_1_14' title='bbox 420 767 851 837; x_wconf 85' lang='lat' dir='ltr'><strong>——praeterea</strong></span> <span class='ocrx_word' id='word_1_15' title='bbox 879 781 1028 823; x_wconf 90' lang='lat' dir='ltr'><strong>cum</strong></span> <span class='ocrx_word' id='word_1_16' title='bbox 1061 769 1404 824; x_wconf 88' lang='lat' dir='ltr'><strong>rarescunt</strong></span> <span class='ocrx_word' id='word_1_17' title='bbox 1438 781 1696 838; x_wconf 90' lang='lat' dir='ltr'><strong>quoque</strong></span> <span class='ocrx_word' id='word_1_18' title='bbox 1729 761 1959 824; x_wconf 91' lang='lat' dir='ltr'><strong>nubila</strong></span> <span class='ocrx_word' id='word_1_19' title='bbox 1988 759 2209 824; x_wconf 86' lang='lat' dir='ltr'><strong>uentis</strong></span> 
     </span>
    </p>

    <p class='ocr_par' dir='ltr' id='par_1_3' title="bbox 508 869 1980 950">
     <span class='ocr_line' id='line_1_4' title="bbox 508 869 1980 950; baseline 0 -18"><span class='ocrx_word' id='word_1_20' title='bbox 508 876 625 933; x_wconf 91' lang='lat' dir='ltr'><strong>aut</strong></span> <span class='ocrx_word' id='word_1_21' title='bbox 657 869 1135 948; x_wconf 87' lang='lat' dir='ltr'><strong>dissoluuntur,</strong></span> <span class='ocrx_word' id='word_1_22' title='bbox 1167 870 1322 933; x_wconf 87' lang='lat' dir='ltr'><strong>solis</strong></span> <span class='ocrx_word' id='word_1_23' title='bbox 1352 891 1552 950; x_wconf 88' lang='lat' dir='ltr'><strong>super</strong></span> <span class='ocrx_word' id='word_1_24' title='bbox 1582 870 1716 934; x_wconf 84' lang='lat' dir='ltr'><strong>icta</strong></span> <span class='ocrx_word' id='word_1_25' title='bbox 1747 872 1980 947; x_wconf 89' lang='lat' dir='ltr'><strong>calore,</strong></span> 
     </span>
    </p>

    <p class='ocr_par' dir='ltr' id='par_1_4' title="bbox 507 975 2832 1059">
     <span class='ocr_line' id='line_1_5' title="bbox 507 975 2832 1059; baseline -0 -17"><span class='ocrx_word' id='word_1_26' title='bbox 507 979 786 1042; x_wconf 87' lang='lat' dir='ltr'><strong>mittunt</strong></span> <span class='ocrx_word' id='word_1_27' title='bbox 821 1000 1114 1043; x_wconf 90' lang='lat' dir='ltr'><strong>umorem</strong></span> <span class='ocrx_word' id='word_1_28' title='bbox 1147 980 1454 1059; x_wconf 89' lang='lat' dir='ltr'><strong>pluuium</strong></span> <span class='ocrx_word' id='word_1_29' title='bbox 1487 980 1847 1056; x_wconf 88' lang='lat' dir='ltr'><strong>stillantue‚</strong></span> <span class='ocrx_word' id='word_1_30' title='bbox 1885 980 2073 1058; x_wconf 83' lang='lat' dir='ltr'><strong>quasi</strong></span> <span class='ocrx_word' id='word_1_31' title='bbox 2107 979 2248 1058; x_wconf 85' lang='lat' dir='ltr'><strong>igni</strong></span> <span class='ocrx_word' id='word_1_32' title='bbox 2727 975 2832 1025; x_wconf 89' lang='lat'><strong>515</strong></span> 
     </span>
    </p>

    <p class='ocr_par' dir='ltr' id='par_1_5' title="bbox 510 1089 2131 1168">
     <span class='ocr_line' id='line_1_6' title="bbox 510 1089 2131 1168; baseline 0 -16"><span class='ocrx_word' id='word_1_33' title='bbox 510 1110 660 1152; x_wconf 92' lang='lat' dir='ltr'><strong>cera</strong></span> <span class='ocrx_word' id='word_1_34' title='bbox 694 1109 894 1168; x_wconf 89' lang='lat' dir='ltr'><strong>super</strong></span> <span class='ocrx_word' id='word_1_35' title='bbox 927 1089 1145 1153; x_wconf 89' lang='lat' dir='ltr'><strong>calido</strong></span> <span class='ocrx_word' id='word_1_36' title='bbox 1175 1091 1513 1154; x_wconf 81' lang='lat' dir='ltr'><strong>tabescens</strong></span> <span class='ocrx_word' id='word_1_37' title='bbox 1545 1091 1758 1153; x_wconf 91' lang='lat' dir='ltr'><strong>multa</strong></span> <span class='ocrx_word' id='word_1_38' title='bbox 1794 1090 2131 1167; x_wconf 81' lang='lat' dir='ltr'><strong>liquescat.</strong></span> 
     </span>
    </p>

    <p class='ocr_par' dir='ltr' id='par_1_6' title="bbox 509 1198 2206 1277">
     <span class='ocr_line' id='line_1_7' title="bbox 509 1198 2206 1277; baseline 0 -16"><span class='ocrx_word' id='word_1_39' title='bbox 509 1201 622 1261; x_wconf 84' lang='lat' dir='ltr'><strong>sed</strong></span> <span class='ocrx_word' id='word_1_40' title='bbox 655 1219 922 1263; x_wconf 89' lang='lat' dir='ltr'><strong>uemens</strong></span> <span class='ocrx_word' id='word_1_41' title='bbox 953 1198 1160 1263; x_wconf 86' lang='lat' dir='ltr'><strong>imber</strong></span> <span class='ocrx_word' id='word_1_42' title='bbox 1192 1199 1286 1276; x_wconf 90' lang='lat' dir='ltr'><strong>fit,</strong></span> <span class='ocrx_word' id='word_1_43' title='bbox 1321 1200 1436 1263; x_wconf 92' lang='lat' dir='ltr'><strong>ubi</strong></span> <span class='ocrx_word' id='word_1_44' title='bbox 1468 1201 1889 1263; x_wconf 90' lang='lat' dir='ltr'><strong>uehementer</strong></span> <span class='ocrx_word' id='word_1_45' title='bbox 1921 1206 2206 1277; x_wconf 89' lang='lat' dir='ltr'><strong>utraque</strong></span> 
     </span>
    </p>

    <p class='ocr_par' dir='ltr' id='par_1_7' title="bbox 509 1308 2244 1389">
     <span class='ocr_line' id='line_1_8' title="bbox 509 1308 2244 1389; baseline 0 -19"><span class='ocrx_word' id='word_1_46' title='bbox 509 1309 740 1372; x_wconf 90' lang='lat' dir='ltr'><strong>nubila</strong></span> <span class='ocrx_word' id='word_1_47' title='bbox 768 1309 839 1372; x_wconf 91' lang='lat' dir='ltr'><strong>ui</strong></span> <span class='ocrx_word' id='word_1_48' title='bbox 871 1310 1209 1372; x_wconf 86' lang='lat' dir='ltr'><strong>cumulata</strong></span> <span class='ocrx_word' id='word_1_49' title='bbox 1240 1316 1638 1387; x_wconf 91' lang='lat' dir='ltr'><strong>premuntur</strong></span> <span class='ocrx_word' id='word_1_50' title='bbox 1670 1317 1734 1373; x_wconf 91' lang='lat' dir='ltr'><strong>et</strong></span> <span class='ocrx_word' id='word_1_51' title='bbox 1764 1309 2007 1389; x_wconf 87' lang='lat' dir='ltr'><strong>impete</strong></span> <span class='ocrx_word' id='word_1_52' title='bbox 2037 1308 2244 1372; x_wconf 91' lang='lat' dir='ltr'><strong>uenti.</strong></span> 
     </span>
    </p>

    <p class='ocr_par' dir='ltr' id='par_1_8' title="bbox 510 1418 2062 1497">
     <span class='ocr_line' id='line_1_9' title="bbox 510 1418 2062 1497; baseline -0.001 -16"><span class='ocrx_word' id='word_1_53' title='bbox 510 1425 580 1481; x_wconf 86' lang='lat' dir='ltr'><strong>at</strong></span> <span class='ocrx_word' id='word_1_54' title='bbox 613 1419 897 1481; x_wconf 89' lang='lat' dir='ltr'><strong>retinere</strong></span> <span class='ocrx_word' id='word_1_55' title='bbox 931 1419 1049 1482; x_wconf 89' lang='lat' dir='ltr'><strong>diu</strong></span> <span class='ocrx_word' id='word_1_56' title='bbox 1082 1419 1350 1497; x_wconf 91' lang='lat' dir='ltr'><strong>pluuiae</strong></span> <span class='ocrx_word' id='word_1_57' title='bbox 1384 1421 1783 1497; x_wconf 85' lang='lat' dir='ltr'><strong>longumque</strong></span> <span class='ocrx_word' id='word_1_58' title='bbox 1815 1418 2062 1482; x_wconf 92' lang='lat' dir='ltr'><strong>morari</strong></span> 
     </span>
    </p>

    <p class='ocr_par' dir='ltr' id='par_1_9' title="bbox 513 1523 2833 1606">
     <span class='ocr_line' id='line_1_10' title="bbox 513 1523 2833 1606; baseline 0 -16"><span class='ocrx_word' id='word_1_59' title='bbox 513 1535 934 1606; x_wconf 89' lang='lat' dir='ltr'><strong>consuerunt,</strong></span> <span class='ocrx_word' id='word_1_60' title='bbox 967 1529 1082 1591; x_wconf 91' lang='lat' dir='ltr'><strong>ubi</strong></span> <span class='ocrx_word' id='word_1_61' title='bbox 1114 1530 1326 1592; x_wconf 91' lang='lat' dir='ltr'><strong>multa</strong></span> <span class='ocrx_word' id='word_1_62' title='bbox 1358 1529 1618 1592; x_wconf 82' lang='lat' dir='ltr'><strong>cientur</strong></span> <span class='ocrx_word' id='word_1_63' title='bbox 1650 1529 1899 1592; x_wconf 88' lang='lat' dir='ltr'><strong>semina</strong></span> <span class='ocrx_word' id='word_1_64' title='bbox 1935 1548 2258 1605; x_wconf 85' lang='lat' dir='ltr'><strong>aquarum</strong></span> <span class='ocrx_word' id='word_1_65' title='bbox 2728 1523 2833 1574; x_wconf 87' lang='lat'><strong>520</strong></span> 
     </span>
    </p>

    <p class='ocr_par' dir='ltr' id='par_1_10' title="bbox 514 1638 2024 1716">
     <span class='ocr_line' id='line_1_11' title="bbox 514 1638 2024 1716; baseline 0.001 -16"><span class='ocrx_word' id='word_1_66' title='bbox 514 1645 710 1715; x_wconf 87' lang='lat' dir='ltr'><strong>atque</strong></span> <span class='ocrx_word' id='word_1_67' title='bbox 744 1638 894 1701; x_wconf 89' lang='lat' dir='ltr'><strong>aliis</strong></span> <span class='ocrx_word' id='word_1_68' title='bbox 924 1638 1091 1702; x_wconf 88' lang='lat' dir='ltr'><strong>aliae</strong></span> <span class='ocrx_word' id='word_1_69' title='bbox 1123 1640 1328 1701; x_wconf 90' lang='lat' dir='ltr'><strong>nubes</strong></span> <span class='ocrx_word' id='word_1_70' title='bbox 1361 1638 1696 1716; x_wconf 89' lang='lat' dir='ltr'><strong>nimbique</strong></span> <span class='ocrx_word' id='word_1_71' title='bbox 1730 1638 2024 1716; x_wconf 81' lang='lat' dir='ltr'><strong>rigantes</strong></span> 
     </span>
    </p>

    <p class='ocr_par' dir='ltr' id='par_1_11' title="bbox 512 1747 2173 1826">
     <span class='ocr_line' id='line_1_12' title="bbox 512 1747 2173 1826; baseline -0.001 -16"><span class='ocrx_word' id='word_1_72' title='bbox 512 1747 787 1826; x_wconf 89' lang='lat' dir='ltr'><strong>insuper</strong></span> <span class='ocrx_word' id='word_1_73' title='bbox 822 1754 1020 1825; x_wconf 91' lang='lat' dir='ltr'><strong>atque</strong></span> <span class='ocrx_word' id='word_1_74' title='bbox 1053 1749 1230 1811; x_wconf 91' lang='lat' dir='ltr'><strong>omni</strong></span> <span class='ocrx_word' id='word_1_75' title='bbox 1264 1749 1460 1826; x_wconf 86' lang='lat' dir='ltr'><strong>uolgo</strong></span> <span class='ocrx_word' id='word_1_76' title='bbox 1495 1749 1575 1811; x_wconf 94' lang='lat' dir='ltr'><strong>de</strong></span> <span class='ocrx_word' id='word_1_77' title='bbox 1612 1755 1801 1826; x_wconf 88' lang='lat' dir='ltr'><strong>parte</strong></span> <span class='ocrx_word' id='word_1_78' title='bbox 1836 1747 2173 1824; x_wconf 82' lang='lat' dir='ltr'><strong>feruntur,</strong></span> 
     </span>
    </p>

    <p class='ocr_par' dir='ltr' id='par_1_12' title="bbox 428 1857 2195 2052">
     <span class='ocr_line' id='line_1_13' title="bbox 513 1857 2195 1935; baseline -0.001 -15"><span class='ocrx_word' id='word_1_79' title='bbox 513 1865 823 1935; x_wconf 88' lang='lat' dir='ltr'><strong>terraque</strong></span> <span class='ocrx_word' id='word_1_80' title='bbox 852 1879 1001 1920; x_wconf 88' lang='lat' dir='ltr'><strong>cum</strong></span> <span class='ocrx_word' id='word_1_81' title='bbox 1033 1857 1302 1920; x_wconf 80' lang='lat' dir='ltr'><strong>fumans</strong></span> <span class='ocrx_word' id='word_1_82' title='bbox 1330 1859 1670 1922; x_wconf 89' lang='lat' dir='ltr'><strong>humorem</strong></span> <span class='ocrx_word' id='word_1_83' title='bbox 1701 1864 1843 1921; x_wconf 91' lang='lat' dir='ltr'><strong>tota</strong></span> <span class='ocrx_word' id='word_1_84' title='bbox 1873 1858 2195 1920; x_wconf 86' lang='lat' dir='ltr'><strong>redhalat.</strong></span> 
     </span>
     <span class='ocr_line' id='line_1_14' title="bbox 428 1967 2152 2052; baseline 0 -23"><span class='ocrx_word' id='word_1_85' title='bbox 428 1967 620 2030; x_wconf 90' lang='lat' dir='ltr'><strong>—hic</strong></span> <span class='ocrx_word' id='word_1_86' title='bbox 655 1968 769 2052; x_wconf 80' lang='lat' dir='ltr'><strong>ubi</strong></span> <span class='ocrx_word' id='word_1_87' title='bbox 805 1969 902 2031; x_wconf 87' lang='lat' dir='ltr'><strong>sol</strong></span> <span class='ocrx_word' id='word_1_88' title='bbox 935 1967 1144 2030; x_wconf 89' lang='lat' dir='ltr'><strong>radiis</strong></span> <span class='ocrx_word' id='word_1_89' title='bbox 1177 1974 1635 2045; x_wconf 86' lang='lat' dir='ltr'><strong>tempestatem</strong></span> <span class='ocrx_word' id='word_1_90' title='bbox 1671 1967 1845 2031; x_wconf 87' lang='lat' dir='ltr'><strong>inter</strong></span> <span class='ocrx_word' id='word_1_91' title='bbox 1880 1988 2152 2046; x_wconf 86' lang='lat' dir='ltr'><strong>opacam</strong></span> 
     </span>
    </p>
   </div>
   <div class='ocr_carea' id='block_1_3' title="bbox 517 2072 2837 2249">
    <p class='ocr_par' dir='ltr' id='par_1_13' title="bbox 517 2072 2837 2249">
     <span class='ocr_line' id='line_1_15' title="bbox 517 2072 2837 2155; baseline -0.003 -15"><span class='ocrx_word' id='word_1_92' title='bbox 517 2079 798 2141; x_wconf 88' lang='lat' dir='ltr'><strong>aduersa</strong></span> <span class='ocrx_word' id='word_1_93' title='bbox 833 2076 1025 2141; x_wconf 80' lang='lat' dir='ltr'><strong>fulsit</strong></span> <span class='ocrx_word' id='word_1_94' title='bbox 1059 2076 1432 2141; x_wconf 88' lang='lat' dir='ltr'><strong>nimborum</strong></span> <span class='ocrx_word' id='word_1_95' title='bbox 1467 2078 1819 2155; x_wconf 86' lang='lat' dir='ltr'><strong>aspargine</strong></span> <span class='ocrx_word' id='word_1_96' title='bbox 1852 2082 2102 2154; x_wconf 88' lang='lat' dir='ltr'><strong>contra,</strong></span> <span class='ocrx_word' id='word_1_97' title='bbox 2731 2072 2837 2122; x_wconf 87' lang='lat'><strong>525</strong></span> 
     </span>
     <span class='ocr_line' id='line_1_16' title="bbox 1379 2183 1774 2249; baseline 0.005 -17"><span class='ocrx_word' id='word_1_98' title='bbox 1379 2184 1478 2234; x_wconf 85' lang='lat' dir='ltr'><strong>DE</strong></span> <span class='ocrx_word' id='word_1_99' title='bbox 1516 2183 1774 2249; x_wconf 79' lang='lat' dir='ltr'><strong>ARQvo</strong></span> 
     </span>
    </p>
   </div>
   <div class='ocr_carea' id='block_1_4' title="bbox 517 2272 2028 2351">
    <p class='ocr_par' dir='ltr' id='par_1_14' title="bbox 517 2272 2028 2351">
     <span class='ocr_line' id='line_1_17' title="bbox 517 2272 2028 2351; baseline -0.001 -14"><span class='ocrx_word' id='word_1_100' title='bbox 517 2279 659 2337; x_wconf 88' lang='lat' dir='ltr'><strong>tum</strong></span> <span class='ocrx_word' id='word_1_101' title='bbox 692 2274 868 2337; x_wconf 88' lang='lat' dir='ltr'><strong>color</strong></span> <span class='ocrx_word' id='word_1_102' title='bbox 899 2272 969 2335; x_wconf 91' lang='lat' dir='ltr'><strong>in</strong></span> <span class='ocrx_word' id='word_1_103' title='bbox 1001 2272 1213 2351; x_wconf 87' lang='lat' dir='ltr'><strong>nigris</strong></span> <span class='ocrx_word' id='word_1_104' title='bbox 1243 2272 1465 2337; x_wconf 88' lang='lat' dir='ltr'><strong>existit</strong></span> <span class='ocrx_word' id='word_1_105' title='bbox 1498 2273 1786 2337; x_wconf 89' lang='lat' dir='ltr'><strong>nubibus</strong></span> <span class='ocrx_word' id='word_1_106' title='bbox 1817 2273 2028 2351; x_wconf 89' lang='lat' dir='ltr'><strong>arqui.</strong></span> 
     </span>
    </p>
   </div>
   <div class='ocr_carea' id='block_1_5' title="bbox 521 2469 2837 3312">
    <p class='ocr_par' dir='ltr' id='par_1_15' title="bbox 521 2469 2837 3312">
     <span class='ocr_line' id='line_1_18' title="bbox 647 2469 2497 2546; baseline -0.001 -15"><span class='ocrx_word' id='word_1_107' title='bbox 647 2469 882 2531; x_wconf 87' lang='lat' dir='ltr'><strong>Cetera</strong></span> <span class='ocrx_word' id='word_1_108' title='bbox 913 2489 1079 2546; x_wconf 93' lang='lat' dir='ltr'><strong>quae</strong></span> <span class='ocrx_word' id='word_1_109' title='bbox 1111 2489 1374 2531; x_wconf 84' lang='lat' dir='ltr'><strong>sursum</strong></span> <span class='ocrx_word' id='word_1_110' title='bbox 1407 2475 1710 2531; x_wconf 88' lang='lat' dir='ltr'><strong>crescunt</strong></span> <span class='ocrx_word' id='word_1_111' title='bbox 1742 2488 2133 2545; x_wconf 88' lang='lat' dir='ltr'><strong>sursumque</strong></span> <span class='ocrx_word' id='word_1_112' title='bbox 2166 2473 2497 2543; x_wconf 84' lang='lat' dir='ltr'><strong>creantur,</strong></span> 
     </span>
     <span class='ocr_line' id='line_1_19' title="bbox 521 2562 2281 2657; baseline 0 -18"><span class='ocrx_word' id='word_1_113' title='bbox 521 2585 584 2640; x_wconf 90' lang='lat' dir='ltr'><strong>et</strong></span> <span class='ocrx_word' id='word_1_114' title='bbox 615 2598 781 2655; x_wconf 89' lang='lat' dir='ltr'><strong>quae</strong></span> <span class='ocrx_word' id='word_1_115' title='bbox 812 2586 1237 2641; x_wconf 89' lang='lat' dir='ltr'><strong>concrescunt</strong></span> <span class='ocrx_word' id='word_1_116' title='bbox 1267 2578 1338 2639; x_wconf 89' lang='lat' dir='ltr'><strong>in</strong></span> <span class='ocrx_word' id='word_1_117' title='bbox 1369 2579 1674 2655; x_wconf 76' lang='lat' dir='ltr'><strong>nubibUS,</strong></span> <span class='ocrx_word' id='word_1_118' title='bbox 1705 2562 1941 2654; x_wconf 50' lang='lat' dir='ltr'><strong>omnia}</strong></span> <span class='ocrx_word' id='word_1_119' title='bbox 1975 2598 2281 2657; x_wconf 88' lang='lat' dir='ltr'><strong>prorsum</strong></span> 
     </span>
     <span class='ocr_line' id='line_1_20' title="bbox 523 2688 2137 2766; baseline 0.001 -16"><span class='ocrx_word' id='word_1_120' title='bbox 523 2688 757 2764; x_wconf 89' lang='lat' dir='ltr'><strong>omnia,</strong></span> <span class='ocrx_word' id='word_1_121' title='bbox 789 2688 906 2750; x_wconf 87' lang='lat' dir='ltr'><strong>nix</strong></span> <span class='ocrx_word' id='word_1_122' title='bbox 936 2688 1122 2751; x_wconf 88' lang='lat' dir='ltr'><strong>uenti</strong></span> <span class='ocrx_word' id='word_1_123' title='bbox 1155 2690 1410 2765; x_wconf 87' lang='lat' dir='ltr'><strong>grando</strong></span> <span class='ocrx_word' id='word_1_124' title='bbox 1441 2688 1823 2765; x_wconf 85' lang='lat' dir='ltr'><strong>gelidaeque</strong></span> <span class='ocrx_word' id='word_1_125' title='bbox 1856 2688 2137 2766; x_wconf 90' lang='lat' dir='ltr'><strong>pruinae</strong></span> 
     </span>
     <span class='ocr_line' id='line_1_21' title="bbox 522 2792 2837 2875; baseline -0.001 -16"><span class='ocrx_word' id='word_1_126' title='bbox 522 2804 586 2859; x_wconf 88' lang='lat' dir='ltr'><strong>et</strong></span> <span class='ocrx_word' id='word_1_127' title='bbox 615 2797 720 2859; x_wconf 88' lang='lat' dir='ltr'><strong>uis</strong></span> <span class='ocrx_word' id='word_1_128' title='bbox 750 2817 990 2875; x_wconf 88' lang='lat' dir='ltr'><strong>magna</strong></span> <span class='ocrx_word' id='word_1_129' title='bbox 1022 2797 1169 2875; x_wconf 89' lang='lat' dir='ltr'><strong>geli,</strong></span> <span class='ocrx_word' id='word_1_130' title='bbox 1202 2818 1515 2875; x_wconf 89' lang='lat' dir='ltr'><strong>magnum</strong></span> <span class='ocrx_word' id='word_1_131' title='bbox 1548 2799 1871 2860; x_wconf 87' lang='lat' dir='ltr'><strong>duramen</strong></span> <span class='ocrx_word' id='word_1_132' title='bbox 1905 2817 2246 2874; x_wconf 89' lang='lat' dir='ltr'><strong>aquarum,</strong></span> <span class='ocrx_word' id='word_1_133' title='bbox 2735 2792 2837 2842; x_wconf 87' lang='lat'><strong>530</strong></span> 
     </span>
     <span class='ocr_line' id='line_1_22' title="bbox 523 2906 2185 2985; baseline -0.001 -16"><span class='ocrx_word' id='word_1_134' title='bbox 523 2914 586 2969; x_wconf 94' lang='lat' dir='ltr'><strong>et</strong></span> <span class='ocrx_word' id='word_1_135' title='bbox 618 2927 800 2969; x_wconf 84' lang='lat' dir='ltr'><strong>mora</strong></span> <span class='ocrx_word' id='word_1_136' title='bbox 832 2927 997 2984; x_wconf 90' lang='lat' dir='ltr'><strong>quae</strong></span> <span class='ocrx_word' id='word_1_137' title='bbox 1030 2907 1270 2970; x_wconf 90' lang='lat' dir='ltr'><strong>fluuios</strong></span> <span class='ocrx_word' id='word_1_138' title='bbox 1298 2907 1542 2985; x_wconf 88' lang='lat' dir='ltr'><strong>passim</strong></span> <span class='ocrx_word' id='word_1_139' title='bbox 1573 2906 1874 2970; x_wconf 82' lang='lat' dir='ltr'><strong>refrenat</strong></span> <span class='ocrx_word' id='word_1_140' title='bbox 1908 2906 2185 2982; x_wconf 91' lang='lat' dir='ltr'><strong>auentis,</strong></span> 
     </span>
     <span class='ocr_line' id='line_1_23' title="bbox 523 3015 2314 3095; baseline -0.001 -17"><span class='ocrx_word' id='word_1_141' title='bbox 523 3016 905 3095; x_wconf 80' lang='lat' dir='ltr'><strong>perfacilest</strong></span> <span class='ocrx_word' id='word_1_142' title='bbox 936 3024 1158 3079; x_wconf 89' lang='lat' dir='ltr'><strong>tamen</strong></span> <span class='ocrx_word' id='word_1_143' title='bbox 1189 3017 1347 3079; x_wconf 86' lang='lat' dir='ltr'><strong>haec</strong></span> <span class='ocrx_word' id='word_1_144' title='bbox 1380 3016 1673 3094; x_wconf 87' lang='lat' dir='ltr'><strong>reperire</strong></span> <span class='ocrx_word' id='word_1_145' title='bbox 1706 3015 2052 3092; x_wconf 90' lang='lat' dir='ltr'><strong>animoque</strong></span> <span class='ocrx_word' id='word_1_146' title='bbox 2085 3015 2314 3077; x_wconf 89' lang='lat' dir='ltr'><strong>uidere</strong></span> 
     </span>
     <span class='ocr_line' id='line_1_24' title="bbox 523 3115 2008 3204; baseline -0.001 -16"><span class='ocrx_word' id='word_1_147' title='bbox 523 3126 742 3189; x_wconf 89' lang='lat' dir='ltr'><strong>omnia</strong></span> <span class='ocrx_word' id='word_1_148' title='bbox 774 3115 906 3203; x_wconf 91' lang='lat' dir='ltr'><strong>quo</strong></span> <span class='ocrx_word' id='word_1_149' title='bbox 936 3133 1131 3204; x_wconf 91' lang='lat' dir='ltr'><strong>pacto</strong></span> <span class='ocrx_word' id='word_1_150' title='bbox 1160 3126 1326 3189; x_wconf 91' lang='lat' dir='ltr'><strong>fiant</strong></span> <span class='ocrx_word' id='word_1_151' title='bbox 1359 3146 1648 3203; x_wconf 90' lang='lat' dir='ltr'><strong>quareue</strong></span> <span class='ocrx_word' id='word_1_152' title='bbox 1682 3130 2008 3202; x_wconf 88' lang='lat' dir='ltr'><strong>creentur,</strong></span> 
     </span>
     <span class='ocr_line' id='line_1_25' title="bbox 524 3234 2249 3312; baseline -0.001 -13"><span class='ocrx_word' id='word_1_153' title='bbox 524 3257 672 3299; x_wconf 91' lang='lat' dir='ltr'><strong>cum</strong></span> <span class='ocrx_word' id='word_1_154' title='bbox 703 3236 865 3298; x_wconf 91' lang='lat' dir='ltr'><strong>bene</strong></span> <span class='ocrx_word' id='word_1_155' title='bbox 898 3235 1198 3312; x_wconf 84' lang='lat' dir='ltr'><strong>cognoris</strong></span> <span class='ocrx_word' id='word_1_156' title='bbox 1231 3234 1566 3297; x_wconf 85' lang='lat' dir='ltr'><strong>elementis</strong></span> <span class='ocrx_word' id='word_1_157' title='bbox 1598 3234 1863 3298; x_wconf 86' lang='lat' dir='ltr'><strong>reddita</strong></span> <span class='ocrx_word' id='word_1_158' title='bbox 1896 3254 2063 3311; x_wconf 91' lang='lat' dir='ltr'><strong>quae</strong></span> <span class='ocrx_word' id='word_1_159' title='bbox 2095 3234 2249 3297; x_wconf 90' lang='lat' dir='ltr'><strong>sint.</strong></span> 
     </span>
    </p>
   </div>
   <div class='ocr_carea' id='block_1_6' title="bbox 651 3594 2844 3761">
    <p class='ocr_par' dir='ltr' id='par_1_16' title="bbox 651 3594 2844 3761">
     <span class='ocr_line' id='line_1_26' title="bbox 1231 3594 1939 3645; baseline -0.001 -1"><span class='ocrx_word' id='word_1_160' title='bbox 1231 3594 1332 3644; x_wconf 88' lang='lat' dir='ltr'><strong>DE</strong></span> <span class='ocrx_word' id='word_1_161' title='bbox 1378 3595 1681 3644; x_wconf 81' lang='lat' dir='ltr'><strong>TERRAE</strong></span> <span class='ocrx_word' id='word_1_162' title='bbox 1726 3594 1939 3645; x_wconf 86' lang='lat' dir='ltr'>MOTV</span> 
     </span>
     <span class='ocr_line' id='line_1_27' title="bbox 651 3679 2844 3761; baseline -0.003 -16"><span class='ocrx_word' id='word_1_163' title='bbox 651 3685 844 3747; x_wconf 89' lang='lat' dir='ltr'><strong>Nunc</strong></span> <span class='ocrx_word' id='word_1_164' title='bbox 881 3703 999 3761; x_wconf 86' lang='lat' dir='ltr'><strong>age</strong></span> <span class='ocrx_word' id='word_1_165' title='bbox 1036 3703 1203 3761; x_wconf 89' lang='lat' dir='ltr'><strong>quae</strong></span> <span class='ocrx_word' id='word_1_166' title='bbox 1238 3682 1411 3746; x_wconf 90' lang='lat' dir='ltr'><strong>ratio</strong></span> <span class='ocrx_word' id='word_1_167' title='bbox 1446 3682 1654 3747; x_wconf 88' lang='lat' dir='ltr'><strong>terrai</strong></span> <span class='ocrx_word' id='word_1_168' title='bbox 1688 3683 1976 3746; x_wconf 90' lang='lat' dir='ltr'><strong>motibus</strong></span> <span class='ocrx_word' id='word_1_169' title='bbox 2010 3689 2187 3745; x_wconf 88' lang='lat' dir='ltr'><strong>extet</strong></span> <span class='ocrx_word' id='word_1_170' title='bbox 2740 3679 2844 3729; x_wconf 87' lang='grc'><strong>535</strong></span> 
     </span>
    </p>
   </div>
   <div class='ocr_carea' id='block_1_7' title="bbox 528 3792 2253 3873">
    <p class='ocr_par' dir='ltr' id='par_1_17' title="bbox 528 3792 2253 3873">
     <span class='ocr_line' id='line_1_28' title="bbox 528 3792 2253 3873; baseline -0.001 -16"><span class='ocrx_word' id='word_1_171' title='bbox 528 3793 812 3873; x_wconf 88' lang='lat' dir='ltr'><strong>percipe.</strong></span> <span class='ocrx_word' id='word_1_172' title='bbox 888 3801 952 3858; x_wconf 92' lang='lat' dir='ltr'><strong>et</strong></span> <span class='ocrx_word' id='word_1_173' title='bbox 983 3793 1053 3855; x_wconf 92' lang='lat' dir='ltr'><strong>in</strong></span> <span class='ocrx_word' id='word_1_174' title='bbox 1084 3792 1319 3872; x_wconf 88' lang='lat' dir='ltr'><strong>primis</strong></span> <span class='ocrx_word' id='word_1_175' title='bbox 1347 3800 1597 3856; x_wconf 88' lang='lat' dir='ltr'><strong>terram</strong></span> <span class='ocrx_word' id='word_1_176' title='bbox 1630 3792 1739 3855; x_wconf 78' lang='lat' dir='ltr'><strong>fac</strong></span> <span class='ocrx_word' id='word_1_177' title='bbox 1768 3800 1845 3856; x_wconf 90' lang='lat' dir='ltr'><strong>ut</strong></span> <span class='ocrx_word' id='word_1_178' title='bbox 1876 3813 2011 3857; x_wconf 90' lang='lat' dir='ltr'><strong>esse</strong></span> <span class='ocrx_word' id='word_1_179' title='bbox 2042 3792 2253 3856; x_wconf 91' lang='lat' dir='ltr'><strong>rearis</strong></span> 
     </span>
    </p>
   </div>
   <div class='ocr_carea' id='block_1_8' title="bbox 548 3941 1517 4141">
    <p class='ocr_par' dir='ltr' id='par_1_18' title="bbox 548 3941 1517 4141">
     <span class='ocr_line' id='line_1_29' title="bbox 548 3941 1517 4004; baseline -0.001 -12"><span class='ocrx_word' id='word_1_180' title='bbox 548 3944 650 3992; x_wconf 92' lang='lat'><strong>515</strong></span> <span class='ocrx_word' id='word_1_181' title='bbox 672 3944 932 3994; x_wconf 86' lang='lat' dir='ltr'><strong>stillante</strong></span> <span class='ocrx_word' id='word_1_182' title='bbox 998 3942 1144 4003; x_wconf 63' lang='grc' dir='ltr'><strong><em>ναῖς.</em></strong></span> <span class='ocrx_word' id='word_1_183' title='bbox 1180 3941 1517 4004; x_wconf 85' lang='lat' dir='ltr'><strong>stillantque</strong></span> 
     </span>
     <span class='ocr_line' id='line_1_30' title="bbox 550 4008 1016 4071; baseline -0.002 -11"><span class='ocrx_word' id='word_1_184' title='bbox 550 4012 652 4060; x_wconf 89' lang='lat'><strong>516</strong></span> <span class='ocrx_word' id='word_1_185' title='bbox 674 4012 808 4071; x_wconf 80' lang='lat' dir='ltr'><strong>fort.</strong></span> <span class='ocrx_word' id='word_1_186' title='bbox 837 4008 1016 4060; x_wconf 88' lang='lat' dir='ltr'><strong>mollis</strong></span> 
     </span>
     <span class='ocr_line' id='line_1_31' title="bbox 551 4079 1228 4141; baseline -0.001 -14"><span class='ocrx_word' id='word_1_187' title='bbox 551 4079 653 4128; x_wconf 88' lang='lat'><strong>519</strong></span> <span class='ocrx_word' id='word_1_188' title='bbox 671 4080 817 4139; x_wconf 75' lang='lat' dir='ltr'><strong><em>vuly.</em></strong></span> <span class='ocrx_word' id='word_1_189' title='bbox 847 4082 1013 4141; x_wconf 87' lang='lat' dir='ltr'><strong>atque</strong></span> <span class='ocrx_word' id='word_1_190' title='bbox 1042 4080 1228 4127; x_wconf 87' lang='lat' dir='ltr'><strong>tenere</strong></span> 
     </span>
    </p>
   </div>
   <div class='ocr_carea' id='block_1_9' title="bbox 549 4144 1666 4264">
    <p class='ocr_par' dir='ltr' id='par_1_19' title="bbox 549 4144 1666 4264">
     <span class='ocr_line' id='line_1_32' title="bbox 549 4144 1028 4206; baseline -0.002 -11"><span class='ocrx_word' id='word_1_191' title='bbox 549 4146 651 4195; x_wconf 89' lang='lat'><strong>531</strong></span> <span class='ocrx_word' id='word_1_192' title='bbox 670 4146 817 4206; x_wconf 72' lang='lat' dir='ltr'><strong>vuly.</strong></span> <span class='ocrx_word' id='word_1_193' title='bbox 848 4144 1028 4195; x_wconf 91' lang='lat' dir='ltr'><strong>euntis</strong></span> 
     </span>
     <span class='ocr_line' id='line_1_33' title="bbox 1519 4211 1666 4264; baseline 0 -11"><span class='ocrx_word' id='word_1_194' title='bbox 1519 4211 1666 4264; x_wconf 87' lang='lat'>[232]</span> 
     </span>
    </p>
   </div>
  </div>
 </body>
</html>
