3182 4602
1159 436 1262 487 DE
1298 435 1564 487 RERVM
1598 435 1907 486 NATVRA
1949 434 2049 485 III

575 658 930 729 propterea
960 650 1117 730 quia
1147 658 1281 714 1ion
1313 651 1512 715 simili
1541 651 1801 715 ratione
1830 651 2199 726 tenentur.)

489 781 814 839 —corpus
848 760 1022 825 enim
1057 768 1254 839 atque
1289 761 1590 825 animans
1624 760 1751 825 erit
1785 781 1917 838 aer,
1954 761 2009 824 si
2044 760 2343 824 cohibere

574 891 711 935 sese
741 871 964 934 anima
993 877 1190 949 atque
1221 871 1292 933 in
1322 891 1428 935 eos
1459 871 1706 948 poterit
1736 872 2125 935 concludere
2153 875 2372 933 motus

575 1001 740 1059 quos
768 988 920 1044 ante
953 980 1024 1043 in
1055 980 1279 1043 neruis
1311 989 1374 1044 et
1408 980 1478 1041 in
1507 980 1655 1058 ipso
1685 1000 1957 1059 corpore
1988 981 2241 1058 agebat.
2788 975 2885 1025 575

489 1111 780 1168 —quare
811 1090 1009 1154 etiam
1040 1097 1238 1169 atque
1269 1091 1467 1155 etiam
1498 1091 1788 1153 resoluto
1818 1090 2113 1175 corporis
2143 1088 2321 1153 omni

575 1200 860 1279 tegmine
895 1206 959 1264 et
991 1200 1212 1263 eiectis
1245 1207 1434 1264 extra
1465 1200 1787 1263 uitalibus
1818 1200 2000 1263 auris
2050 1282 2055 1287 ⁸

575 1310 848 1373 dissolui
875 1330 1103 1373 sensus
1132 1310 1337 1373 animi
1367 1309 1623 1391 fateare
1651 1317 1970 1373 necessest
2011 1390 2017 1397 .

576 1426 772 1497 atque
805 1420 1109 1497 animam,
1145 1420 1455 1497 quoniam
1486 1419 1903 1482 coniunctast
1936 1439 2133 1482 causa
2162 1419 2440 1482 duobus,

701 1614 1000 1693 Denique
1033 1635 1180 1677 cum
1212 1634 1452 1693 corpus
1481 1621 1765 1692 nequeat
1798 1612 2097 1692 perferre
2130 1613 2376 1677 animai
2772 1610 2889 1661 ’580

574 1722 926 1787 discidium
956 1724 1119 1802 quin
1150 1724 1220 1785 in
1250 1730 1427 1788 tetro
1453 1726 1747 1787 tabescat
1778 1725 1993 1801 odore,

575 1833 735 1911 quid
767 1834 1032 1897 dubitas
1063 1834 1226 1912 quin
1257 1856 1336 1897 cx
1367 1834 1495 1898 imo
1528 1834 1923 1913 penitusque
1954 1839 2177 1896 coorta

573 1944 898 2006 emanarit
926 1943 1029 2006 uti
1059 1943 1285 2008 fumus
1317 1944 1561 2007 diffusa
1591 1944 1847 2007 animae
1877 1944 2001 2019 uiS,

575 2059 771 2131 atque
801 2053 949 2115 ideo
975 2060 1168 2116 tanta
1195 2036 1526 2117 mutatum
1558 2061 1757 2131 putre
1789 2054 1986 2116 ruina

573 2162 934 2226 conciderit
966 2164 1223 2241 corpus;
1259 2164 1526 2242 penitus
1559 2163 1717 2241 quia
1746 2170 1925 2226 mota
1956 2164 2096 2225 loco
2128 2170 2285 2226 sunt
2788 2160 2890 2209 585

574 2272 1032 2350 fundamenta,
1070 2272 1253 2337 foras
1286 2279 1597 2338 manante
1634 2272 1982 2351 animaque
2018 2293 2139 2351 per
2174 2279 2360 2336 artus

573 2404 822 2461 perque
852 2383 1116 2446 uiarum
1147 2385 1356 2447 omnis
1388 2384 1614 2459 flexus,
1649 2384 1719 2444 in
1751 2403 2023 2462 corpore
2055 2383 2170 2460 qui
2202 2390 2375 2458 sunt,

573 2500 770 2571 atque
805 2493 1177 2556 foramina?
1253 2493 1661 2557 multimodis
1693 2500 1771 2556 ut
1803 2513 2065 2556 noscere
2099 2492 2307 2571 possis

571 2603 994 2680 dispertitam
1026 2603 1282 2666 animae
1314 2609 1625 2688 naturam
1657 2603 1861 2666 exisse
1893 2623 2014 2680 per
2046 2608 2235 2665 artus

573 2719 637 2774 et
665 2713 854 2790 prius
882 2732 1016 2775 esse
1045 2713 1169 2776 sibi
1199 2713 1586 2776 distractam
1617 2732 1888 2790 corpore
1918 2712 1989 2772 in
2019 2711 2180 2790 ips0,
2789 2709 2889 2760 590

573 2843 770 2900 quam
806 2823 1118 2901 prolapsa
1151 2822 1336 2885 foras
1368 2830 1595 2886 enaret
1631 2822 1701 2884 in
1736 2822 1907 2885 aeris
1942 2842 2157 2885 auras.

701 2932 878 3011 Quin
913 2933 1109 2996 etiam
1144 2932 1295 2995 finis
1329 2933 1488 2994 dum
1521 2933 1702 2995 uitae
1737 2932 2029 2994 uertitur
2062 2931 2262 3007 intra,

570 3062 765 3120 saepe
797 3042 1020 3119 aliqua
1052 3049 1277 3112 tamen
1308 3065 1340 3106 e
1373 3063 1569 3122 causa
1603 3041 1934 3104 labefacta
1964 3041 2238 3104 uidetur

570 3151 666 3215 ire
702 3152 922 3215 anima
954 3173 1028 3215 ac
1060 3159 1199 3215 toto
1233 3152 1401 3240 solui
1435 3153 1514 3214 de
1548 3171 1820 3228 corpore
1865 3151 2183 3221 <uelle>

572 3268 636 3324 et
665 3261 853 3339 quasi
879 3282 1188 3340 supremo
1214 3263 1635 3339 languescere
1662 3268 1957 3338 tempore
1985 3261 2211 3323 uoltus
2786 3256 2885 3306 595

569 3371 937 3448 molliaque,
978 3371 1294 3448 exsangui
1340 3370 1690 3446 <facie>,
1729 3370 1961 3433 cadere
1999 3370 2217 3432 omnia
2252 3349 2563 3432 membra.

485 3481 748 3558 —quod
778 3500 984 3558 genus
1013 3487 1127 3557 est,
1161 3480 1381 3542 animo
1408 3481 1576 3543 male
1609 3479 1863 3542 factum
1896 3501 2045 3543 cum
2076 3479 2464 3558 perhibetur

572 3598 688 3653 aut
721 3590 1007 3653 animam
1038 3589 1303 3667 liquisse
1325 3616 1349 3665 3.
1371 3589 1486 3651 ubi
1518 3589 1651 3651 iam
1682 3589 2065 3666 trepidatur
2097 3596 2161 3651 et
2195 3608 2416 3651 omnes

571 3707 935 3763 extremum
965 3699 1246 3776 cupiunt
1276 3698 1456 3762 uitae
1487 3699 2010 3776 repraehendere
2041 3698 2356 3786 uinclum.
2442 3757 2448 3766 ,

570 3815 1047 3899 conquassatur
1078 3808 1251 3869 enim
1283 3815 1426 3870 tum
1457 3827 1641 3869 mens
1672 3807 2056 3884 animaeque
2089 3813 2380 3885 potestas
2783 3806 2878 3855 600

570 3918 782 3982 omnis
812 3919 1067 4022 eahae}
1098 3917 1244 3996 ipso
1274 3938 1422 3979 cum
1455 3937 1727 3994 corpore
1760 3917 2235 3993 conlabefiunt3

592 4050 694 4101 586
715 4003 952 4123 αιαξαῖώ
983 4038 1028 4056 ⁰·

593 4119 695 4168 596
715 4118 814 4167 am
840 4117 951 4167 azia

1562 4208 1710 4259 [100]
