3182 4602
1084 408 1188 458 DE
1223 404 1487 459 RERVM
1523 406 1834 460 NATVRA
1873 408 1961 459 11⁷

499 640 781 698 raraque
816 641 935 701 per
968 622 1220 685 caelum
1253 644 1402 686 cum
1433 623 1621 687 uenti
1654 624 1886 687 nubila
1920 629 2194 704 portant

499 737 792 808 tempore
823 737 1168 809 nocturn0‚
1202 738 1345 795 tum
1378 732 1729 810 splendida
1760 733 1950 812 signa
1982 734 2301 797 uidentur

499 839 706 903 labier
740 841 1094 904 aduersum
1127 841 1383 905 nimbos
1415 848 1612 919 atque
1648 842 1743 904 ire
1776 863 2060 921 superne
2582 866 2588 871 ·
2707 841 2812 890 445

495 950 687 1027 longe
723 950 920 1013 aliam
953 950 1024 1012 in
1058 959 1316 1030 partem
1349 972 1424 1014 ac
1457 962 1777 1023 ue<ra>
1821 952 2077 1016 ratione
2114 952 2451 1016 feruntur.

499 1065 570 1122 at
600 1059 656 1122 si
690 1059 865 1124 forte
898 1061 1083 1124 oculo
1115 1081 1351 1124 manus
1382 1061 1503 1123 uni
1535 1060 1807 1125 subdita
1835 1069 2067 1140 supter

499 1168 738 1248 pressit
769 1190 937 1246 eum,
969 1170 1254 1247 quodam
1283 1190 1478 1233 sensu
1508 1171 1583 1233 fit
1616 1170 1719 1233 uti
1749 1171 2111 1235 uideantur

497 1278 717 1341 omnia
748 1299 915 1356 quae
948 1279 1202 1342 tuimur
1233 1279 1376 1342 fieri
1409 1287 1554 1342 tum
1587 1280 1745 1344 bina
1778 1282 2043 1358 tuendo,

497 1386 655 1451 bina
692 1389 1112 1452 lucernarum
1148 1390 1453 1454 florentia
1488 1389 1746 1453 lumina
1779 1391 2061 1453 flammis
2711 1388 2812 1437 45⁰

497 1496 782 1575 binaque
818 1518 937 1576 per
972 1505 1147 1561 totas
1183 1498 1363 1562 aedis
1396 1499 1729 1576 geminare
1766 1490 2061 1578 supeHex

498 1614 564 1669 et
597 1607 884 1684 duplicis
915 1608 1253 1670 hominum
1289 1607 1494 1671 facies
1528 1615 1591 1672 et
1628 1629 1908 1687 corpora
1938 1610 2113 1672 bina.

623 1801 924 1879 Denique
962 1823 1109 1864 cum
1147 1802 1340 1865 suaui
1375 1802 1682 1866 deuinxit
1718 1806 2009 1867 membra
2046 1824 2278 1882 sopore

497 1930 764 1973 somnus
792 1918 855 1974 et
886 1911 957 1973 in
987 1932 1239 1975 summa
1269 1932 1508 1990 corpus
1539 1912 1707 1976 iacet
1740 1914 1927 1975 omne
1958 1913 2195 1991 quiete,

497 2026 640 2083 tum
672 2020 954 2098 uigilare
986 2027 1208 2084 tamen
1242 2022 1428 2084 nobis
1462 2029 1525 2085 et
1559 2024 1851 2086 membra
1884 2042 2175 2087 mouere.
2501 2076 2504 2079 .
2708 2022 2811 2071 455

496 2137 725 2193 nostra
757 2130 1083 2208 uidemur,
1120 2137 1183 2193 et
1219 2131 1290 2192 in
1324 2132 1534 2195 noctis
1570 2132 1851 2210 caligine
1884 2153 2076 2195 caeca

497 2259 762 2304 cernere
798 2260 1130 2304 censemus
1165 2242 1363 2305 solem
1395 2241 1748 2320 lumenque
1783 2241 2122 2320 diurnum,

497 2351 926 2428 conclusoque
962 2351 1102 2414 1000
1136 2353 1388 2416 caelum
1421 2372 1602 2415 mare
1637 2352 1913 2416 flumina
1947 2352 2189 2416 montis

495 2465 754 2523 mutare
791 2467 854 2524 01
891 2481 1152 2538 campos
1188 2462 1470 2539 pedibus
1504 2462 1791 2526 transire
1827 2462 2153 2539 uidemur,
2556 2547 2559 2552 Ι

497 2575 562 2631 01
595 2569 848 2632 sonitus
882 2570 1133 2647 audire,
1170 2591 1400 2634 seuera
1434 2571 1700 2635 silentia
1731 2571 1941 2634 1100118
2706 2571 2809 2620 460

496 2679 790 2756 undique
822 2700 970 2742 cum
1002 2687 1318 2757 constent,
1355 2688 1419 2744 01
1450 2682 1727 2744 reddere
1758 2681 1939 2744 dicta
1968 2688 2278 2744 tacentes,

497 2794 713 2851 cetera
745 2789 824 2850 de
856 2809 1100 2867 genere·
1122 2791 1242 2852 hoc
1274 2790 1573 2852 mirande
1606 2792 1818 2854 multa
1848 2791 2171 2867 uidemuS,

485 2918 663 2975 quae
695 2897 947 2962 uiolare
981 2898 1176 2962 fidem
1210 2899 1398 2976 quasi
1431 2899 1728 2967 sensibus
1763 2900 1981 2963 omnia
2015 2907 2365 2977 quaerunt,

408 3006 914 3084 —nequiquam,
948 3008 1257 3085 quoniam
1288 3030 1445 3087 pars
1473 3010 1711 3072 horum
1741 3010 2028 3073 maxima
2058 3009 2238 3073 fallit

495 3123 771 3194 propter
804 3117 1115 3196 opinatus
1147 3118 1351 3181 animi
1385 3139 1546 3196 quos
1581 3119 1887 3182 addimus
1922 3119 2070 3197 ipsi,
2707 3119 2808 3167 465

496 3246 620 3304 pro
649 3226 811 3289 uisis
844 3232 922 3289 ut
953 3227 1087 3290 sint
1120 3248 1286 3304 quae
1319 3248 1452 3290 non
1485 3235 1643 3290 sunt
1674 3228 1966 3290 sensibu’
1998 3228 2164 3291 uisa.

465 3336 652 3411 (nam
685 3336 854 3398 nihil
889 3336 1151 3415 aegrius
1186 3343 1281 3400 est
1317 3358 1514 3414 quam
1549 3357 1655 3400 res
1688 3358 2023 3401 secernere
2058 3344 2325 3416 apertas

496 3447 577 3508 ab
614 3445 849 3523 dubiis,
883 3438 1143 3509 animus
1177 3466 1340 3523 quas
1374 3449 1455 3510 ab
1489 3467 1554 3510 80
1589 3447 1899 3525 protinus
1932 3447 2173 3524 addit.)

621 3638 922 3716 Denique
951 3639 1046 3701 nil
1077 3639 1233 3702 sciri
1264 3640 1468 3717 siquis
1501 3647 1718 3718 putat,
1752 3640 1822 3703 id
1855 3660 2111 3718 quoque
2142 3640 2349 3704 nescit

495 3767 581 3810 an
613 3747 768 3810 sciri
799 3748 1023 3826 possit,
1058 3749 1368 3826 quoniam
1399 3749 1496 3810 nil
1529 3749 1695 3812 scire
1728 3749 2003 3812 fatetur.
2458 3823 2463 3828 ,
2705 3749 2805 3798 470

493 3858 670 3920 1111110
702 3857 911 3935 igitur
943 3866 1174 3921 contra
1204 3859 1464 3922 mittam
1497 3860 1892 3922 contendere
1927 3879 2208 3936 causam,

494 3967 610 4044 qui
640 3967 855 4045 capite
886 3967 1026 4045 ipse
1057 3988 1174 4031 suo
1207 3968 1278 4030 in
1307 3968 1545 4032 statuit
1574 3968 1859 4046 uestigia
1891 3989 2045 4031 sese.

512 4099 581 4148 47
587 4098 616 4146 2
638 4099 780 4160 vuly.
809 4114 907 4148 sua

1483 4185 1630 4236 [134]
