3182 4602
1259 395 1318 444 T.
1361 383 1704 446 LVGRETI'
1728 379 1905 445 CARI

510 615 758 687 stuppa
787 608 945 672 iacit
977 608 1305 672 flammam
1339 617 1655 688 concepto
1683 608 1991 688 protinus
2022 608 2181 687 igni,

509 720 832 797 taedaque
869 719 1192 782 consimili
1226 719 1481 782 ratione
1517 739 1786 782 accensa
1820 740 1939 798 per
1972 720 2188 783 undas

511 830 828 906 conlucet,
865 826 1274 908 quocumque
1311 837 1553 892 natans
1586 829 1955 908 impellitur
1992 829 2191 892 auris.

509 938 842 1001 Nimirum
873 939 1032 1016 quia
1060 946 1217 1003 sunt
1251 939 1322 1000 in
1356 960 1527 1018 aqua
1559 940 1893 1018 permulta
1923 939 2193 1018 uaporis

509 1043 758 1111 semina
793 1050 872 1111 de
906 1055 1216 1126 terraque
1251 1055 1569 1112 necessest
1605 1049 1920 1112 funditus
1953 1049 2098 1127 ipsa

510 1158 682 1236 ignis
715 1179 991 1237 corpora
1023 1179 1143 1237 per
1175 1165 1389 1221 totum
1421 1179 1816 1236 consurgere
1848 1159 2101 1222 fontem

510 1275 574 1330 et
607 1269 801 1331 simul
835 1269 1172 1347 exspirare
1206 1268 1388 1331 foras
1419 1269 1726 1346 exireque
1761 1269 1831 1330 in
1865 1289 2079 1345 auras»,

479 1378 644 1454 (non
675 1378 772 1442 ita
801 1379 1012 1442 multa
1041 1385 1283 1456 tamen,
1317 1379 1571 1442 calidus
1604 1386 1803 1457 queat
1835 1385 1913 1442 ut
1943 1379 2088 1442 fieri
2121 1379 2335 1455 fons).

1048 1485 1149 1534 DE
1183 1485 1434 1535 FONTE
1469 1485 1713 1535 ARADI
1749 1486 1836 1538 IN
1873 1486 2091 1536 MARE

506 1580 852 1650 praeterea
886 1573 1184 1652 dispersa
1220 1573 1401 1637 foras
1437 1595 1782 1653 erumpere
1818 1575 1992 1652 cogit

507 1683 612 1745 uis
644 1703 764 1761 per
797 1704 1034 1760 aquam
1069 1683 1289 1746 subito
1320 1705 1711 1761 sursumque
1745 1705 1822 1747 ea
1856 1684 2213 1748 conciliari.

423 1794 684 1870 ——quod
722 1814 928 1870 genus
963 1795 1131 1857 endo
1167 1793 1400 1856 marist
1436 1794 1652 1857 Aradi
1688 1794 1859 1871 fonS,
1897 1795 2112 1857 dulcis
2149 1794 2347 1873 aquai

508 1903 622 1980 qui
654 1903 850 1965 scatit
883 1909 947 1964 et
980 1904 1184 1966 salsas
1217 1903 1464 1966 circum
1496 1924 1562 1966 se
1596 1904 1890 1967 dimouet
1922 1905 2171 1982 undas3

507 2019 571 2076 et
604 2013 832 2076 multis
865 2013 1015 2076 aliis
1046 2015 1318 2091 praebet
1351 2013 1731 2092 regionibus
1763 2035 2007 2091 aequor

505 2122 866 2186 utilitatem
901 2130 1345 2202 opportunam
1380 2123 1754 2187 sitientibu'
1790 2124 2031 2200 nautis,

507 2234 682 2311 quod
716 2233 930 2295 dulcis
959 2233 1134 2295 inter
1167 2234 1371 2296 salsas
1405 2233 1792 2297 interuomit
1824 2235 2057 2297 undas

505 2343 598 2406 sic
629 2343 837 2422 igitur
870 2365 989 2422 per
1022 2365 1169 2408 eum
1203 2353 1480 2423 possunt
1511 2366 1857 2423 erumpere
1890 2345 2143 2409 fontem

507 2461 570 2516 et
599 2461 846 2517 scatere
879 2454 994 2517 illa
1026 2455 1208 2517 foras
1239 2455 1310 2516 in
1341 2462 1657 2534 stuppam
1688 2456 1939 2518 semina
1968 2475 2135 2533 quae
2167 2476 2316 2518 cum

505 2564 910 2627 conueniunt
949 2572 1065 2628 aut
1103 2565 1173 2626 in
1210 2566 1432 2628 taedai
1467 2586 1741 2645 corpore
1780 2567 2160 2642 adhaerent,

506 2676 860 2737 ardescunt
895 2674 1090 2738 facile
1125 2676 1471 2754 extemplo,
1506 2676 1664 2753 quia
1696 2677 1910 2739 multa
1939 2695 2195 2754 quoque
2229 2675 2302 2737 in
2332 2695 2400 2739 se

505 2784 752 2848 semina
780 2786 1025 2848 habent
1057 2785 1229 2863 ignis
1259 2793 1542 2864 stuppae
1572 2787 1934 2863 taedaeque
1963 2785 2251 2850 latentis.

420 2915 720 2958 —nonne
752 2894 940 2957 uides
975 2896 1192 2972 etiam,
1228 2902 1556 2958 nocturna
1589 2896 1677 2957 ad
1710 2895 1963 2959 lumina
1998 2896 2208 2959 linum

503 3025 718 3083 nuper
753 3004 870 3068 ubi
905 3006 1269 3068 extinctum
1306 3006 1675 3083 admoueaS,
1714 3005 2057 3068 accendier
2093 3013 2246 3069 ante

504 3135 700 3192 quam
734 3115 958 3193 tetigit
994 3113 1342 3192 flammam,
1377 3116 1768 3192 taedamque
1806 3114 1955 3193 pari
1991 3114 2288 3179 ratione?

503 3226 842 3302 multaque
876 3232 1218 3303 praeterea
1253 3225 1442 3303 prius
1476 3225 1621 3303 ipso
1652 3231 1831 3287 tacta
1866 3244 2113 3302 uapore

503 3336 756 3397 eminus
793 3336 1146 3398 ardescunt
1182 3355 1379 3412 quam
1412 3334 1773 3397 comminus
1809 3334 2060 3396 imbuat
2096 3333 2290 3411 igniS.

418 3446 622 3508 —hoc
655 3445 864 3523 igitur
895 3444 1040 3508 fieri
1071 3464 1328 3522 quoque
1363 3444 1432 3506 in
1467 3445 1582 3507 illo
1615 3444 1801 3507 fonte
1835 3444 2292 3522 putandumst.

1072 3719 1238 3778 <DE
1281 3719 1566 3768 LAPIDE
1612 3718 2049 3776 MAGNETE>

630 3810 817 3887 Quod
853 3816 1170 3887 superest,
1210 3828 1400 3885 agere
1437 3808 1752 3886 incipiam
1786 3827 1915 3884 quo
1950 3806 2213 3869 foedere
2247 3807 2365 3872 fiat

523 3941 623 3990 892
647 3940 780 4001 fort.
817 3940 937 3991 fert
977 3978 989 3990 .
1029 3978 1042 3990 .
1083 3978 1095 3990 .
1133 3944 1362 4004 praeter

1491 4170 1637 4221 [245]

2722 605 2823 655 880

2722 1156 2823 1205 885

2720 1791 2822 1842 890

2718 2342 2820 2393 895

2716 2893 2817 2943 900

2714 3442 2816 3492 905
