3182 4602
1339 307 1400 356 T.
1438 305 1679 358 LVGRE
1686 307 1764 358 TI
1800 306 1979 358 CARI

597 519 669 581 in
701 527 1174 584 commutatum
1206 521 1508 595 ueniunt,
1541 529 1842 586 constare
1873 527 2192 586 necessest
2815 516 2916 567 795

596 650 680 692 ex
709 630 856 693 aliis
887 650 980 707 ea,
1014 650 1180 709 quae
1211 639 1542 709 nequeant
1573 631 1949 694 conuertier
1978 650 2277 708 usquam,

598 761 681 804 ne
709 739 833 804 tibi
864 761 970 804 res
997 740 1272 804 redeant
1303 741 1388 804 ad
1419 740 1630 804 nilum
1661 739 1975 804 funditus
2006 761 2245 804 omnes.

596 850 762 929 quin
793 850 1014 929 potius
1047 851 1169 914 tali
1201 858 1446 915 natura
1481 851 1787 929 praedita
1821 851 2145 928 quaedam

595 980 877 1038 corpora
907 959 1289 1037 constituas,
1322 960 1541 1038 ignem
1572 960 1630 1022 si
1663 960 1839 1024 forte
1872 959 2182 1036 crearint,
3154 846 3164 1037 1

600 1091 785 1149 posse
823 1070 1049 1133 eadem
1087 1070 1373 1148 demptis
1410 1070 1640 1148 paucis
1680 1070 2037 1148 paucisque
2074 1069 2365 1146 tributis,
2815 1065 2914 1115 800

597 1179 828 1244 ordine
861 1185 1118 1242 mutato
1151 1187 1215 1244 et
1248 1187 1451 1256 motu,
1485 1179 1707 1243 facere
1741 1179 1912 1244 aeris
1946 1199 2162 1270 auras,
3152 1174 3159 1215 ¹

595 1289 690 1352 sic
723 1289 888 1352 alias
920 1289 1068 1352 aliis
1100 1291 1295 1352 rebus
1327 1289 1651 1352 mutarier
1685 1289 1937 1352 omnis?
3152 1224 3159 1355 ι

598 1401 699 1445 —‘
713 1400 807 1463 At
843 1399 1200 1462 manifesta
1236 1399 1457 1478 palam
1495 1419 1599 1462 res
1638 1398 1919 1462 indicat’
1958 1397 2180 1476 inquis
2217 1397 2319 1460 ‘in
2357 1417 2555 1461 auras

598 1508 768 1571 aeris
797 1531 832 1572 e
862 1515 1046 1573 terra
1076 1529 1180 1572 res
1209 1509 1422 1572 omnis
1450 1528 1737 1572 crescere
1770 1508 2023 1586 alique3

599 1625 665 1681 et
697 1618 825 1681 nisi
857 1626 1211 1697 tempestas
1246 1619 1546 1696 indulget
1580 1625 1875 1696 tempore
1909 1618 2133 1681 fausto
2814 1614 2912 1664 805

598 1727 918 1791 imbribus
954 1735 1018 1792 et
1052 1730 1202 1792 tabe
1237 1728 1611 1792 nimborum
1648 1730 1920 1791 arbusta
1954 1727 2277 1791 uacillant

599 1838 821 1917 solque
855 1857 976 1901 sua
1008 1858 1133 1916 pro
1164 1845 1354 1916 parte
1389 1836 1576 1901 fouet
1611 1838 1978 1916 tribuitque
2012 1839 2314 1914 calorem,

598 1966 884 2011 crescere
915 1968 1049 2010 non
1082 1948 1336 2026 possint
1369 1947 1601 2026 fruges
1632 1935 1905 2011 arbusta
1938 1946 2345 2011 animantis!

510 2056 844 2120 —scilicet
879 2064 944 2120 et
976 2056 1106 2119 nisi
1139 2077 1258 2119 nos
1291 2057 1475 2120 cibus
1509 2057 1739 2120 aridus
1772 2064 1837 2122 et
1868 2064 2057 2119 tener
2090 2077 2281 2119 umor

599 2166 892 2243 adiuuet,
924 2165 1159 2229 amisso
1190 2167 1320 2230 iam
1349 2187 1622 2245 corpore
1652 2167 1799 2230 uita
1827 2187 2084 2247 quoque
2116 2165 2327 2230 omnis
2811 2162 2913 2213 810

598 2275 898 2340 omnibus
934 2296 967 2339 e
1002 2276 1228 2340 neruis
1263 2284 1461 2355 atque
1497 2277 1750 2341 ossibus
1786 2277 2201 2354 exsoluatur3

597 2386 982 2449 adiutamur
1012 2386 1185 2451 enim
1217 2387 1418 2451 dubio
1451 2389 1684 2466 procul
1717 2395 1915 2466 atque
1947 2388 2189 2451 alimur
2221 2407 2339 2449 nos

598 2496 795 2559 certis
827 2497 909 2559 ab
940 2498 1154 2573 rebuS‚
1190 2497 1386 2560 certis
1420 2497 1587 2560 aliae
1622 2504 1819 2575 atque
1853 2497 2019 2562 aliae
2053 2518 2176 2560 res,

596 2605 911 2668 nimirum
944 2606 1101 2683 quia
1133 2607 1346 2669 multa
1376 2606 1588 2669 modis
1620 2606 1990 2670 communia
2022 2606 2251 2668 multis

475 2777 488 2789 ,
595 2716 959 2778 multarum
993 2735 1216 2778 rerum
1248 2715 1320 2777 in
1352 2718 1547 2779 rebus
1581 2715 1948 2794 primordia
1980 2715 2189 2778 mixta
2811 2712 2913 2763 815

596 2833 772 2902 sunt,
810 2825 959 2887 ideo
992 2825 1200 2888 uariis
1237 2806 1464 2889 uariae
1501 2846 1606 2889 res
1641 2826 1837 2888 rebus
1873 2826 2168 2888 aluntur.

597 2942 794 3012 atque
831 2936 1056 2998 eadem
1093 2935 1317 3013 magni
1352 2934 1561 2997 refert
1600 2934 1965 3012 primordia
1999 2954 2190 3012 saepe

596 3066 745 3108 cum
778 3044 1017 3122 quibus
1051 3052 1116 3109 et
1149 3044 1330 3122 quali
1364 3044 1665 3122 positura
1698 3043 2166 3107 contineantur

597 3162 660 3217 et
693 3174 857 3231 quos
886 3154 1062 3218 inter
1091 3175 1157 3217 se
1188 3155 1346 3217 dent
1378 3162 1595 3217 motus
1629 3153 2106 3231 accipiantque.

566 3264 881 3343 (namque
915 3264 1141 3328 eadem
1173 3265 1424 3327 caelum
1456 3284 1637 3327 mare
1667 3270 1881 3327 terras
1913 3263 2188 3326 flumina
2220 3263 2415 3326 solem
2810 3260 2909 3310 820

596 3374 1031 3451 constituunt,
1070 3374 1296 3437 eadem
1329 3373 1561 3452 fruges
1597 3375 1869 3437 arbusta
1905 3372 2279 3449 animantiS‚
3156 3398 3158 3511 κ

596 3505 831 3547 uerum
863 3484 1010 3547 aliis
1040 3484 1297 3561 alioque
1328 3485 1521 3546 modo
1552 3483 1901 3547 commixta
1932 3483 2337 3559 mouentur.)

509 3594 761 3671 —quin
792 3594 989 3657 etiam
1021 3594 1264 3672 passim
1295 3593 1539 3656 nostris
1568 3593 1641 3655 in
1670 3592 1971 3655 uersibus
2002 3592 2163 3671 ipsis

597 3704 809 3766 multa
838 3703 1160 3766 elementa
1186 3702 1377 3766 uides
1401 3702 1633 3765 multis
1663 3702 2033 3765 communia
2063 3700 2301 3776 uerbis,

598 3833 746 3875 cum
778 3820 998 3875 tamen
1030 3811 1206 3875 inter
1236 3832 1302 3875 se
1335 3831 1570 3875 uersus
1600 3832 1675 3875 ac
1706 3812 1912 3874 uerba
1942 3816 2260 3874 necessest
2807 3805 2909 3856 825

618 3943 720 3993 806
741 3943 886 4004 vulg.
921 3947 984 3993 ut
1023 3980 1035 3994 .
1075 3981 1088 3994 .
1129 3981 1142 3993 .
1179 3943 1455 3994 vacillent

1587 4062 1717 4129 '1281
