3182 4602
1136 414 1239 464 DE
1275 414 1539 464 RERVM
1575 414 1884 465 NATVRA
1932 414 1978 463 V

532 649 748 706 quam,
783 628 1030 692 nostris
1059 629 1264 692 oculis
1295 650 1428 707 qua
1459 628 1807 706 cernimus,
1842 649 1975 692 enne
2009 628 2300 692 uidetur.

501 738 688 813 (nam
723 738 910 816 prius
943 738 1182 816 omnia,
1215 759 1383 816 quae
1416 740 1608 817 longe
1642 746 1888 802 semota
1920 746 2187 802 tuemur

533 868 688 911 aera
720 867 839 926 per
869 849 1173 926 multum,
1207 848 1420 927 specie
1455 849 1735 912 confusa
1766 848 2087 912 uidentur
2748 845 2851 894 580

532 977 729 1034 quam
761 957 1131 1030 mi<nui>
1175 958 1414 1034 filum.)
1504 963 1913 1037 quapropter
1947 959 2109 1021 luna
2142 977 2399 1022 necesse
2433 963 2551 1034 est,

532 1067 1064 1144 quandoquidem
1098 1069 1344 1131 claram
1379 1068 1661 1146 speciem
1694 1075 2069 1145 certamque
2103 1067 2386 1146 figuram

532 1177 822 1254 praebet,
855 1184 931 1241 ut
964 1183 1061 1241 est
1091 1177 1222 1240 oris
1253 1177 1561 1242 extremis
1591 1197 1869 1254 cumque
1898 1183 2149 1254 notata,

532 1293 911 1363 quantaque
942 1294 1275 1364 quantast,
1305 1287 1460 1349 hinc
1491 1287 1680 1349 nobis
1710 1287 2023 1350 uideatur
2054 1286 2125 1348 in
2158 1287 2311 1349 alto.

445 1403 862 1473 —postremo
895 1416 1336 1483 quoscumque
1368 1396 1556 1459 uides
1589 1396 1745 1458 hinc
1780 1396 2063 1459 aetheris
2096 1396 2300 1474 ignes,
2747 1392 2851 1441 585

532 1505 1064 1583 quandoquidem
1104 1526 1543 1583 quoscumque
1581 1506 1652 1567 in
1691 1505 1891 1568 terris
1926 1505 2255 1569 cernimus
2302 1505 2665 1583 <ignes>,

530 1616 691 1678 dum
724 1623 969 1678 tremor
1010 1622 1255 1688 <est>
1298 1616 1535 1692 claruS,
1572 1617 1733 1678 dum
1764 1615 2062 1679 cernitur
2096 1617 2297 1678 ardor
2329 1635 2575 1692 eorum,

532 1745 933 1804 perparuom
967 1725 1285 1803 quiddam
1323 1725 1661 1788 interdum
1696 1733 1956 1789 mutare
1992 1725 2312 1788 uidentur

533 1836 809 1897 alteram
843 1842 1065 1898 utram
1099 1835 1170 1896 in
1202 1843 1459 1913 partem
1492 1835 1698 1912 filum,
1732 1854 1863 1912 quo
1894 1835 2157 1912 longius
2190 1834 2427 1911 absint,

446 1945 696 2008 —scire
729 1945 884 2008 licet
918 1965 1237 2022 perquam
1272 1945 1568 2023 pauxillo
1602 1964 1787 2023 posse
1822 1945 2107 2007 minores
2747 1940 2850 1990 594

531 2074 664 2116 esse
695 2055 803 2116 uel
835 2054 1074 2132 exigua
1101 2036 1372 2117 maioris
1401 2062 1591 2132 parte
1623 2053 1960 2131 breuique.

1249 2161 1350 2210 DE
1388 2160 1684 2211 CALORE
1723 2160 1935 2210 SOLIS

572 2250 839 2312 —Illud
871 2249 1028 2313 item
1062 2270 1195 2312 non
1228 2257 1326 2314 est
1357 2249 1756 2327 mirandum,
1793 2270 1924 2328 qua
1957 2249 2213 2313 ratione
2748 2245 2847 2294 590

533 2361 838 2422 tantulus
868 2360 977 2423 ille
1013 2368 1213 2437 queat
1245 2366 1508 2423 tantum
1543 2361 1641 2422 sol
1674 2360 1936 2424 mittere
1971 2360 2213 2435 lumen,

531 2471 707 2547 quod
738 2470 952 2532 maria
981 2490 1055 2532 ac
1086 2476 1299 2532 terras
1331 2470 1540 2533 omnis
1571 2471 1952 2547 caelumque
1984 2470 2269 2547 rigando

533 2580 856 2657 compleat
887 2587 952 2643 et
984 2579 1199 2642 calido
1229 2579 1600 2657 perfundat
1631 2586 1871 2642 cuncta
1902 2600 2170 2657 uapore.
2749 2575 2847 2624 593

505 2690 1109 2767 [quantaquoquest
1143 2695 1336 2752 tanta
1367 2689 1521 2751 hinc
1556 2689 1747 2752 nobis
1779 2689 2050 2751 uidetur
2085 2688 2156 2750 in
2192 2688 2354 2767 alto]
2748 2684 2848 2734 596

533 2820 686 2861 nam
718 2799 869 2861 licet
900 2799 1055 2861 hinc
1086 2798 1320 2861 mundi
1351 2798 1765 2877 patefactum
1796 2798 2001 2861 totius
2030 2819 2240 2860 unum

533 2908 914 2986 largifluum
952 2908 1203 2971 fontem
1239 2915 1486 2971 scatere
1525 2915 1722 2985 atque
1758 2928 2101 2986 erumpere
2137 2908 2378 2984 lumen,

532 3040 612 3081 ex
644 3018 820 3081 omni
852 3020 1101 3081 mundo
1131 3018 1290 3096 quia
1318 3019 1409 3081 sic
1442 3020 1762 3082 elementa
1794 3018 2063 3096 uaporis

532 3128 826 3205 undique
855 3128 1262 3192 conueniunt
1293 3134 1356 3190 et
1387 3128 1478 3191 sic
1509 3128 1841 3191 coniectus
1870 3148 2095 3190 eorum
2747 3124 2847 3174 600

533 3238 825 3315 confluit,
862 3260 941 3301 ex
973 3258 1105 3300 uno
1140 3238 1356 3316 capite
1390 3238 1496 3300 hic
1529 3244 1608 3300 ut
1642 3238 1932 3315 profluat
1967 3238 2184 3299 ardor.

446 3368 748 3410 —nonne
780 3348 968 3410 uides
999 3347 1198 3411 etiam
1231 3368 1428 3425 quam
1460 3349 1591 3410 late
1626 3367 1879 3425 paruus
1912 3346 2108 3424 aquai

533 3466 729 3536 prata
763 3458 936 3536 riget
970 3458 1122 3520 fons
1155 3457 1491 3520 interdum
1525 3456 1903 3534 campisque
1936 3458 2307 3519 redundet?

534 3575 630 3631 est
660 3568 858 3630 etiam
890 3586 1146 3644 quoque
1177 3566 1282 3629 uti
1311 3587 1444 3629 non
1473 3586 1714 3643 magno
1743 3565 1896 3628 solis
1927 3568 2008 3628 ab
2040 3566 2181 3642 igni

533 3699 686 3741 aera
722 3677 1050 3755 percipiat
1084 3676 1315 3739 calidis
1350 3676 1733 3739 feruoribus
1765 3676 1982 3751 ardor,
2745 3672 2843 3721 605
2928 3728 2937 3737 .

554 3812 652 3860 581
677 3811 810 3872 fort.
843 3808 993 3859 mitti

554 3879 657 3928 584
678 3879 812 3940 fort.
846 3881 1109 3941 tantaque

554 3947 654 3995 588
675 3946 774 3994 alii
803 3945 1034 3995 uidetur

554 4015 656 4063 589
677 4014 831 4064 absit
897 4013 1044 4074 vuly.
1075 4012 1275 4062 absunt

557 4082 656 4131 601
679 4082 813 4142 fort.
846 4080 971 4130 hinc

1523 4198 1671 4250 [184]
