3182 4602
1134 433 1196 482 T.
1233 432 1559 484 LVGRETI
1596 432 1775 484 CARI

308 646 612 710 —omnia
658 648 1047 726 suppeditat
1093 668 1296 725 porro
1339 653 1585 711 natura
1632 667 1843 725 neque
1889 647 2028 711 ulla

392 777 496 819 res
531 756 736 819 animi
769 778 995 835 pacem
1031 757 1278 821 delibat
1310 748 1605 835 tempore
1638 757 1709 819 in
1741 758 1898 820 ullo.

391 873 461 929 at
493 873 724 929 eontra
756 886 1082 944 nusquam
1115 874 1444 945 apparent
1473 852 1842 930 Acherusia
1874 864 2121 944 templa

389 995 509 1039 nee
538 976 739 1039 tellus
768 978 984 1039 obstat
1016 963 1178 1054 quin
1210 975 1430 1039 omnia
1461 962 1924 1054 dispiciantur,

389 1086 509 1147 sub
543 1084 824 1163 pedibus
855 1106 1303 1164 quaecumque
1334 1084 1518 1148 infra
1552 1105 1672 1163 per
1704 1084 1901 1148 inane
1935 1078 2280 1163 geruntur.

304 1194 491 1256 —his
519 1194 611 1257 ibi
639 1214 742 1257 me
772 1196 966 1257 rebus
996 1195 1318 1272 quaedam
1347 1194 1583 1256 diuina
1613 1193 1927 1272 uoluptas

390 1304 677 1382 percipit
708 1311 906 1381 atque
936 1305 1191 1381 horror,
1224 1305 1400 1382 quod
1431 1303 1524 1366 sic
1555 1310 1801 1366 natura
1830 1308 1950 1366 tua
1970 1302 2053 1365 'ui

389 1420 525 1476 tam
556 1413 914 1477 manifesta
944 1420 1182 1492 patens
1213 1434 1292 1475 ex
1324 1412 1500 1476 omni
1531 1420 1722 1491 parte
1755 1419 2003 1475 retecta
2034 1420 2150 1475 est.

513 1624 605 1688 Et
636 1624 947 1702 quoniam
979 1624 1191 1701 docui,
1225 1631 1616 1687 cunctarum
1650 1623 1918 1687 exordia
1951 1643 2176 1685 rerum

389 1733 612 1811 qualia
643 1733 778 1796 sint
810 1739 875 1797 et
907 1754 1104 1812 quam
1123 1734 1344 1797 ‘uariis
1376 1731 1697 1796 distantia
1731 1732 1965 1795 formis

386 1850 620 1921 sponte
651 1863 772 1905 sua
801 1843 1085 1906 uolitent
1116 1850 1386 1906 aeterno
1415 1842 1670 1921 percita
1699 1848 1884 1905 motu

388 1972 600 2029 quoue
628 1952 822 2015 modo
852 1952 1107 2030 possint
1135 1972 1239 2015 res
1270 1973 1350 2015 ex
1378 1952 1482 2014 his
1511 1971 1807 2029 quaeque
1840 1950 2069 2027 creari,

386 2061 577 2126 hasce
607 2062 970 2125 secundum
1000 2081 1106 2125 res
1137 2060 1344 2124 animi
1374 2068 1621 2124 natura
1651 2060 1923 2123 uidetur

388 2177 583 2248 atque
620 2170 875 2233 animae
910 2171 1228 2234 claranda
1257 2170 1418 2232 meis
1450 2171 1582 2232 iam
1614 2169 1917 2233 uersibus
1952 2189 2084 2232 esse

387 2287 450 2344 et
479 2286 694 2344 metus
725 2279 835 2345 ille
868 2280 1049 2344 foras
1081 2300 1395 2359 praeceps
1427 2278 1833 2362 Acheruntis
1868 2280 2180 2358 agenduS,

387 2389 699 2454 funditus
729 2391 1087 2453 humanam
1117 2391 1231 2468 qui
1261 2391 1472 2453 uitam
1503 2391 1733 2452 turbat
1765 2391 1846 2452 ab
1878 2390 2009 2452 imo
2176 2390 2181 2393 ’

387 2499 606 2563 omnia
638 2499 1030 2562 suffundens
1062 2499 1294 2562 mortis
1325 2499 1593 2577 nigrore
1626 2520 1837 2577 neque
1870 2500 2075 2562 ullam

387 2629 518 2673 esse
552 2610 966 2684 uoluptatem
997 2608 1319 2685 liquidam
1354 2629 1721 2687 puramque
1752 2608 2091 2686 relinquit.

719 2713 1073 2778 HOMIHES
1126 2713 1454 2764 MORTEM
1506 2714 1828 2764 MAXIME
1884 2707 2178 2765 TIMERE

302 2823 538 2866 —nam
569 2804 745 2880 quod
775 2823 967 2892 saepe
998 2803 1294 2866 homines
1321 2804 1578 2865 morbos
1608 2802 1817 2881 magis
1851 2823 1984 2865 esse
2015 2803 2342 2866 timendos

384 2911 830 2990 infamemque
866 2912 1099 2976 ferunt
1135 2912 1346 2975 uitam
1383 2932 1581 2990 quam
1620 2912 1903 2975 Tartara
1937 2912 2055 2975 leti

384 3028 447 3084 et
477 3042 544 3085 se
573 3021 739 3084 seire
771 3021 976 3084 animi
1005 3029 1316 3084 naturam
1348 3022 1693 3099 sanguinis
1724 3042 1858 3084 esse

387 3137 501 3193 aut
530 3130 729 3194 etiam
757 3131 945 3194 uenti
985 3131 1074 3207 (si
1105 3131 1241 3194 fert
1271 3131 1367 3194 ita
1397 3130 1573 3194 forte
1603 3132 1978 3208 uoluntas),

383 3259 500 3302 nec
531 3260 800 3319 prosum
832 3239 1183 3318 quiequam
1211 3247 1475 3303 nostrae
1506 3240 1786 3303 rationis
1815 3261 2021 3317 egere,

384 3347 537 3411 hinc
568 3349 722 3412 licet
755 3350 1066 3412 aduertas
1097 3349 1392 3412 animum
1423 3349 1633 3428 magis
1666 3349 1884 3413 omnia
1915 3350 2135 3413 laudis

383 3457 620 3521 iactari
651 3478 847 3521 eausa
878 3478 1076 3536 quam
1109 3460 1284 3542 quod
1316 3479 1422 3520 res
1451 3458 1597 3536 ipsa
1629 3460 1966 3537 probetur.

385 3575 676 3631 extorres
709 3567 882 3630 idem
915 3568 1137 3646 patria
1169 3569 1490 3646 longeque
1523 3567 1746 3645 fugati

384 3683 737 3754 conspectu
772 3696 850 3738 ex
883 3677 1240 3754 hominum,
1278 3677 1531 3740 foedati
1566 3677 1839 3739 crimine
1870 3678 2078 3755 turpi,

385 3785 688 3848 omnibus
720 3786 1054 3849 aerumnis
1084 3786 1334 3850 adfecti
1366 3786 1652 3863 denique
1685 3786 1949 3861 uiuunt,

387 3901 449 3956 et
482 3914 892 3972 quocumque
923 3901 1145 3958 tamen
1176 3895 1399 3959 miseri
1430 3915 1671 3958 uenere
1705 3903 2063 3974 parentant

385 4010 449 4065 et
482 4003 714 4082 nigras
745 4010 1039 4067 mactant
1073 4005 1356 4083 pecudes
1391 4010 1455 4068 et
1490 4004 1973 4069 manibu’diuis

1394 4210 1507 4262 [81]

2640 859 2708 909 25

2638 1409 2706 1459 30

2636 2056 2704 2106 35

2636 2605 2703 2655 40

2634 3129 2701 3178 46

2632 3240 2701 3288 45

2632 3350 2701 3398 44

2633 3789 2699 3839 50
