3182 4602
1136 382 1196 430 Τ.
1237 380 1564 432 LVGRETI
1604 379 1791 431 CARI.

391 604 452 660 et
486 599 670 660 velut
707 597 1142 662 anteactonil
1171 606 1465 676 tempore
1500 596 1821 665 sensimus
1856 595 2059 674 aegri,

389 709 473 770 ad
505 708 992 787 confligendum
1022 708 1444 772 uenientibus
1473 706 1769 785 undique
1802 705 2059 782 Poenis

390 818 608 881 omnia
639 840 788 881 cum
819 818 975 882 belli
1007 818 1274 897 trepido
1306 817 1947 883 concussatumultu

388 928 662 991 horrida
693 934 1143 992 contremuere
1177 930 1296 991 sub
1321 928 1486 991 ¹altis
1517 927 1801 993 aetheris
1834 927 1985 1004 oris,
2034 964 2040 969 .
2084 979 2087 986 .
2516 979 2523 985 .
2600 922 2702 971 835

389 1038 459 1100 in
491 1038 822 1117 dubioque
854 1038 1042 1103 fuere
1074 1045 1380 1101 utrorum
1412 1038 1500 1101 ad
1531 1058 1739 1115 regna
1772 1038 2139 1100 cadendum

389 1148 690 1211 omnibus
718 1148 1026 1211 humanis
1056 1155 1222 1211 esset
1250 1155 1558 1225 terraque
1588 1147 1905 1225 marique,

389 1258 499 1335 sic,
531 1258 647 1321 ubi
678 1278 811 1320 non
842 1258 1104 1335 erimus,
1137 1279 1285 1321 cum
1317 1257 1611 1335 corporis
1642 1264 1839 1335 atque
1870 1255 2116 1319 animai

390 1368 742 1431 discidium
783 1368 993 1431 fuerit
1033 1368 1273 1445 quibus
1295 1390 1344 1431 -e
1385 1387 1612 1429 sumus
1652 1366 1875 1429 uniter
1917 1366 2080 1444 apti,

390 1479 637 1541 scilicet
666 1479 846 1541 haud
877 1478 1066 1541 nobis
1095 1478 1464 1555 quicquam,
1499 1476 1615 1555 qui
1642 1496 1776 1539 non
1806 1476 2050 1539 erimus
2078 1482 2240 1552 tum,
2601 1470 2704 1521 840

391 1588 684 1652 accidere
722 1588 988 1650 omnino
1022 1587 1268 1665 poterit
1301 1607 1693 1664 sensumque
1725 1606 2011 1662 mouere,

390 1718 523 1760 non
555 1698 610 1760 si
640 1705 824 1761 terra
852 1698 1023 1761 mari
1052 1697 1438 1760 miscebitur
1466 1703 1531 1761 et
1560 1716 1741 1759 mare
1773 1697 1968 1759 caelo,

308 1816 454 1871 —et
487 1808 544 1870 si
575 1807 708 1899 iam
742 1813 970 1871 nostro
999 1808 1202 1871 sentit
1236 1808 1315 1871 de
1350 1826 1623 1885 corpore
1656 1812 2007 1884 postquam

392 1918 777 1980 distractast
813 1918 1017 1981 animi
1051 1924 1295 1980 natura
1331 1914 1716 1993 animaeque
1752 1915 2061 1993 potestas⁸

392 2028 489 2089 nil
518 2035 740 2092 tamen
771 2034 867 2091 est
899 2029 984 2091 ad
1014 2020 1140 2090 nos'
1164 2026 1278 2104 qui
1309 2018 1577 2104 comptu
1608 2018 2041 2103 coniugioque
2605 2022 2707 2071 845

393 2138 686 2216 corporis
722 2145 918 2216 atque
952 2127 1208 2200 animae
1243 2136 1659 2199 consistimus
1689 2135 1914 2199 uniter
1948 2132 2110 2213 apti.
2418 2128 2423 2136 ’

393 2268 529 2325 nec,
561 2248 617 2311 si
645 2248 991 2312 materiam
1021 2254 1315 2312 nostram
1346 2236 1894 2338 collegerit‘aetas
2142 2246 2146 2251 ’

393 2365 540 2436 post
575 2359 827 2422 obitum
861 2339 1256 2435 rursumque
1291 2352 1622 2436 redegerit
1654 2364 1732 2420 ut
1766 2356 2105 2419 sita'nunc
2141 2351 2236 2419 e'st
2286 2349 2291 2356 ’

395 2476 592 2546 atque
625 2469 867 2532 iterum
900 2468 1087 2530 nobis
1120 2467 1378 2530 fuerint
1410 2469 1569 2550 data
1601 2447 1856 2529 lumina
1885 2466 2086 2542 uitae,
2454 2550 2458 2552 ῃ

396 2579 727 2656 pertineat
761 2579 1114 2656 quicquam
1143 2584 1366 2640 tamen
1398 2579 1483 2640 ad
1515 2597 1638 2640 nos
1665 2577 1735 2639 id
1758 2567 2024 2653 'queque
2051 2567 2331 2652 factum,
2606 2572 2708 2621 850

395 2689 776 2766 interrupta
807 2689 1002 2751 semel
1033 2709 1184 2751 cum
1213 2687 1302 2750 sit
1333 2679 1705 2765 repetentia
1736 2677 1971 2749 nostri.⁷
2476 2685 2479 2688 ⁴

315 2805 460 2860 -et
490 2820 668 2861 nunc
700 2799 797 2860 nil
828 2799 913 2861 ad
944 2787 1062 2860 nos
1092 2799 1172 2860 de
1204 2797 1391 2860 nobis
1422 2785 1683 2874 attinet,
1716 2802 1869 2859 ante
1942 2797 1945 2800 ’
2018 2785 2022 2790 ’
2058 2794 2063 2801 ’
2102 2787 2106 2796 ’

395 2908 508 2986 qui
544 2908 815 2984 fuimus
863 2919 926 2979 <
936 2908 1108 2980 nil>
1153 2907 1283 2970 iam
1320 2897 1400 2970 de
1435 2907 1572 2969 illis
1603 2927 1721 2969 nos
1756 2905 1979 2968 adficit
2016 2897 2241 2983 angor.
2363 2899 2371 2910 ⁸

396 3039 548 3081 nam
583 3040 732 3081 cum
765 3017 1078 3096 respicias
1113 3004 1393 3084 inmensi
1426 3007 1743 3094 temporis
1778 3013 1963 3079 omne
2001 3022 2006 3028 '
2289 3011 2293 3016 ’

397 3127 832 3205 praeteritum
866 3127 1176 3205 spatium,
1209 3134 1352 3190 tum
1385 3132 1601 3189 motus
1632 3123 1936 3189 materiai
1989 3121 1993 3124 ’
2100 3125 2107 3134 ’
2378 3119 2409 3129 ”
2606 3123 2710 3171 855

393 3237 769 3300 multimodi
807 3258 1003 3314 quam
1044 3227 1198 3313 sint,
1241 3227 1445 3300 facile
1475 3231 1617 3298 hoc'
1638 3223 1989 3299 adcredere
2029 3221 2270 3313 possiS,'
2311 3226 2315 3230 ¹
2543 3237 2546 3241 ’

398 3348 646 3410 semina
675 3367 868 3424 saepe
899 3347 970 3407 in
999 3338 1242 3423 eodem,
1273 3353 1350 3409 ut
1379 3336 1558 3408 nunc
1588 3340 1765 3422 sunt,
1800 3333 2029 3408 ordine
2059 3339 2250 3423 posta
2309 3329 2314 3334 ’
2348 3345 2352 3350 ’

397 3459 554 3520 haec
585 3458 828 3532 eadem,
863 3456 1102 3533 quibus
1131 3453 1164 3520 e
1194 3477 1371 3518 nunc
1400 3475 1520 3518 nos
1547 3444 1791 3532 sumuS,
1822 3444 1974 3518 ante
2005 3443 2229 3517 fuisse.
2294 3445 2299 3450 ⁹
2609 3451 2711 3500 865

397 3588 513 3630 nec
543 3567 816 3630 memori
844 3563 1066 3648 tamen
1098 3567 1167 3628 id
1197 3555 1459 3643 quimus
1490 3551 2013 3642 re'praehendere
2043 3559 2294 3650 mentm
2554 3557 2559 3562 ’
2584 3557 2710 3610 '858

400 3677 573 3740 inter
607 3657 781 3738 enim
813 3675 1044 3738 iectast
1064 3659 1240 3758 ⁴vitai
1272 3696 1484 3754 pausa
1511 3694 1805 3760 vageque
1840 3677 1843 3679 ’
1888 3751 1891 3754 .
1992 3654 1997 3660 ι
2046 3755 2050 3760 ‚
2289 3758 2293 3762 Ι
2336 3760 2343 3766 ν
2394 3757 2399 3764 .

397 3787 797 3849 deerrarunt
827 3785 1070 3863 passim
1101 3792 1318 3848 motus
1351 3786 1431 3848 ab
1463 3785 1759 3848 sensibus
1792 3804 2029 3869 omnes?
2172 3859 2177 3864 ψ
2260 3862 2263 3870 Ι
2466 3857 2469 3862 ¹
2528 3866 2533 3872 J
2609 3780 2711 3830 860

421 3919 519 3967 853
540 3918 687 3979 vulg.
717 3932 889 3980 neque

421 3987 521 4035 856
541 3986 686 4046 vuzy.
719 3985 1068 4035 multimodis

1393 4162 1541 4214 [109]
