<?xml version="1.0" encoding="UTF-8"?>
<!DOCTYPE html PUBLIC "-//W3C//DTD XHTML 1.0 Transitional//EN"
    "http://www.w3.org/TR/xhtml1/DTD/xhtml1-transitional.dtd">
<html xmlns="http://www.w3.org/1999/xhtml" xml:lang="en" lang="en">
 <head>
  <title>
</title>
<meta http-equiv="Content-Type" content="text/html;charset=utf-8" />
  <meta name='ocr-system' content='tesseract 3.04.00' />
  <meta name='ocr-capabilities' content='ocr_page ocr_carea ocr_par ocr_line ocrx_word'/>
</head>
<body>
  <div class='ocr_page' id='page_1' title='image "./lvcretiderervmn00unkngoog_0126.png"; bbox 0 0 3182 4602; ppageno 0'>
   <div class='ocr_carea' id='block_1_1' title="bbox 1103 395 1750 447">
    <p class='ocr_par' dir='ltr' id='par_1_1' title="bbox 1103 395 1750 447">
     <span class='ocr_line' id='line_1_1' title="bbox 1103 395 1750 447; baseline 0.002 -3"><span class='ocrx_word' id='word_1_1' title='bbox 1103 396 1163 445; x_wconf 87' lang='grc' dir='ltr'>Τ.</span> <span class='ocrx_word' id='word_1_2' title='bbox 1205 395 1531 447; x_wconf 77' lang='lat' dir='ltr'><strong><em>LVGRETI</em></strong></span> <span class='ocrx_word' id='word_1_3' title='bbox 1571 395 1750 445; x_wconf 77' lang='lat' dir='ltr'><strong><em>CARI</em></strong></span> 
     </span>
    </p>
   </div>
   <div class='ocr_carea' id='block_1_2' title="bbox 356 608 2057 1017">
    <p class='ocr_par' dir='ltr' id='par_1_2' title="bbox 356 608 2057 1017">
     <span class='ocr_line' id='line_1_2' title="bbox 357 608 1983 687; baseline 0.001 -18"><span class='ocrx_word' id='word_1_4' title='bbox 357 608 624 686; x_wconf 84' lang='lat' dir='ltr'>ignibus</span> <span class='ocrx_word' id='word_1_5' title='bbox 654 608 1016 687; x_wconf 88' lang='lat' dir='ltr'>inpositum</span> <span class='ocrx_word' id='word_1_6' title='bbox 1049 610 1280 673; x_wconf 82' lang='lat' dir='ltr'>calidis</span> <span class='ocrx_word' id='word_1_7' title='bbox 1311 616 1670 673; x_wconf 81' lang='lat' dir='ltr'>torrescere</span> <span class='ocrx_word' id='word_1_8' title='bbox 1705 608 1983 672; x_wconf 88' lang='lat' dir='ltr'>flammis</span> 
     </span>
     <span class='ocr_line' id='line_1_3' title="bbox 358 718 1861 798; baseline -0.001 -17"><span class='ocrx_word' id='word_1_9' title='bbox 358 725 475 781; x_wconf 88' lang='lat' dir='ltr'>aut</span> <span class='ocrx_word' id='word_1_10' title='bbox 508 718 580 780; x_wconf 89' lang='lat' dir='ltr'>in</span> <span class='ocrx_word' id='word_1_11' title='bbox 612 720 801 782; x_wconf 89' lang='lat' dir='ltr'>melle</span> <span class='ocrx_word' id='word_1_12' title='bbox 833 718 1036 782; x_wconf 85' lang='lat' dir='ltr'>situm</span> <span class='ocrx_word' id='word_1_13' title='bbox 1069 719 1380 783; x_wconf 86' lang='lat' dir='ltr'>suffocari</span> <span class='ocrx_word' id='word_1_14' title='bbox 1414 726 1612 797; x_wconf 84' lang='lat' dir='ltr'>atque</span> <span class='ocrx_word' id='word_1_15' title='bbox 1647 718 1861 798; x_wconf 84' lang='lat' dir='ltr'>rigere</span> 
     </span>
     <span class='ocr_line' id='line_1_4' title="bbox 358 828 2057 907; baseline 0 -18"><span class='ocrx_word' id='word_1_16' title='bbox 358 828 627 906; x_wconf 82' lang='lat' dir='ltr'>frigore,</span> <span class='ocrx_word' id='word_1_17' title='bbox 661 849 811 892; x_wconf 89' lang='lat' dir='ltr'>cum</span> <span class='ocrx_word' id='word_1_18' title='bbox 840 849 1090 893; x_wconf 90' lang='lat' dir='ltr'>summo</span> <span class='ocrx_word' id='word_1_19' title='bbox 1122 829 1324 907; x_wconf 83' lang='lat' dir='ltr'>gelidi</span> <span class='ocrx_word' id='word_1_20' title='bbox 1355 830 1553 892; x_wconf 83' lang='lat' dir='ltr'><strong>cubat</strong></span> <span class='ocrx_word' id='word_1_21' title='bbox 1586 848 1866 907; x_wconf 90' lang='lat' dir='ltr'>aequore</span> <span class='ocrx_word' id='word_1_22' title='bbox 1898 828 2057 905; x_wconf 83' lang='lat' dir='ltr'>saxi,</span> 
     </span>
     <span class='ocr_line' id='line_1_5' title="bbox 356 938 1941 1017; baseline 0.001 -18"><span class='ocrx_word' id='word_1_23' title='bbox 356 938 668 1017; x_wconf 87' lang='lat' dir='ltr'>urgeriue</span> <span class='ocrx_word' id='word_1_24' title='bbox 704 958 990 1017; x_wconf 87' lang='lat' dir='ltr'>superne</span> <span class='ocrx_word' id='word_1_25' title='bbox 1024 938 1344 1002; x_wconf 88' lang='lat' dir='ltr'>obtritum</span> <span class='ocrx_word' id='word_1_26' title='bbox 1380 939 1670 1017; x_wconf 89' lang='lat' dir='ltr'>pondere</span> <span class='ocrx_word' id='word_1_27' title='bbox 1704 945 1941 1001; x_wconf 65' lang='lat' dir='ltr'>terraed</span> 
     </span>
    </p>
   </div>
   <div class='ocr_carea' id='block_1_3' title="bbox 287 1132 2346 3078">
    <p class='ocr_par' dir='ltr' id='par_1_3' title="bbox 333 1132 2346 2200">
     <span class='ocr_line' id='line_1_6' title="bbox 484 1132 2346 1211; baseline -0.001 -17"><span class='ocrx_word' id='word_1_28' title='bbox 484 1133 657 1195; x_wconf 90' lang='lat' dir='ltr'>‘Iam</span> <span class='ocrx_word' id='word_1_29' title='bbox 692 1133 824 1196; x_wconf 92' lang='lat' dir='ltr'>iam</span> <span class='ocrx_word' id='word_1_30' title='bbox 857 1153 993 1195; x_wconf 88' lang='lat' dir='ltr'>non</span> <span class='ocrx_word' id='word_1_31' title='bbox 1026 1134 1260 1195; x_wconf 89' lang='lat' dir='ltr'>domus</span> <span class='ocrx_word' id='word_1_32' title='bbox 1292 1132 1570 1211; x_wconf 84' lang='lat' dir='ltr'>accipiet</span> <span class='ocrx_word' id='word_1_33' title='bbox 1605 1139 1669 1195; x_wconf 92' lang='lat' dir='ltr'>te</span> <span class='ocrx_word' id='word_1_34' title='bbox 1706 1133 1899 1208; x_wconf 89' lang='lat' dir='ltr'>laeta,</span> <span class='ocrx_word' id='word_1_35' title='bbox 1936 1151 2146 1209; x_wconf 89' lang='lat' dir='ltr'>neque</span> <span class='ocrx_word' id='word_1_36' title='bbox 2178 1151 2346 1194; x_wconf 85' lang='lat' dir='ltr'>uxor</span> 
     </span>
     <span class='ocr_line' id='line_1_7' title="bbox 359 1242 1843 1320; baseline -0.001 -17"><span class='ocrx_word' id='word_1_37' title='bbox 359 1242 627 1320; x_wconf 92' lang='lat' dir='ltr'>optima,</span> <span class='ocrx_word' id='word_1_38' title='bbox 661 1263 780 1305; x_wconf 89' lang='lat' dir='ltr'>nec</span> <span class='ocrx_word' id='word_1_39' title='bbox 813 1243 1035 1305; x_wconf 89' lang='lat' dir='ltr'>dulces</span> <span class='ocrx_word' id='word_1_40' title='bbox 1068 1248 1414 1305; x_wconf 88' lang='lat' dir='ltr'>occurrent</span> <span class='ocrx_word' id='word_1_41' title='bbox 1448 1242 1671 1305; x_wconf 90' lang='lat' dir='ltr'>oscula</span> <span class='ocrx_word' id='word_1_42' title='bbox 1701 1242 1843 1305; x_wconf 86' lang='lat' dir='ltr'>nati</span> 
     </span>
     <span class='ocr_line' id='line_1_8' title="bbox 358 1352 2027 1431; baseline 0.001 -18"><span class='ocrx_word' id='word_1_43' title='bbox 358 1352 740 1431; x_wconf 87' lang='lat' dir='ltr'>praeripere</span> <span class='ocrx_word' id='word_1_44' title='bbox 770 1360 834 1416; x_wconf 89' lang='lat' dir='ltr'>et</span> <span class='ocrx_word' id='word_1_45' title='bbox 862 1353 1068 1416; x_wconf 88' lang='lat' dir='ltr'>tacita</span> <span class='ocrx_word' id='word_1_46' title='bbox 1095 1360 1324 1431; x_wconf 88' lang='lat' dir='ltr'>pectus</span> <span class='ocrx_word' id='word_1_47' title='bbox 1355 1352 1703 1416; x_wconf 90' lang='lat' dir='ltr'>dulcedine</span> <span class='ocrx_word' id='word_1_48' title='bbox 1730 1357 2027 1430; x_wconf 86' lang='lat' dir='ltr'>tangent.</span> 
     </span>
     <span class='ocr_line' id='line_1_9' title="bbox 358 1461 1903 1540; baseline 0 -17"><span class='ocrx_word' id='word_1_49' title='bbox 358 1482 491 1524; x_wconf 90' lang='lat' dir='ltr'>non</span> <span class='ocrx_word' id='word_1_50' title='bbox 523 1462 771 1540; x_wconf 90' lang='lat' dir='ltr'>poteris</span> <span class='ocrx_word' id='word_1_51' title='bbox 801 1461 1004 1525; x_wconf 81' lang='lat' dir='ltr'>factis</span> <span class='ocrx_word' id='word_1_52' title='bbox 1034 1463 1420 1525; x_wconf 88' lang='lat' dir='ltr'>florentibus</span> <span class='ocrx_word' id='word_1_53' title='bbox 1452 1482 1605 1537; x_wconf 88' lang='lat' dir='ltr'>esse,</span> <span class='ocrx_word' id='word_1_54' title='bbox 1640 1462 1903 1539; x_wconf 91' lang='lat' dir='ltr'>tuisque</span> 
     </span>
     <span class='ocr_line' id='line_1_10' title="bbox 360 1570 2188 1663; baseline 0 -30"><span class='ocrx_word' id='word_1_55' title='bbox 360 1572 785 1663; x_wconf 83' lang='lat' dir='ltr'>praesidium.</span> <span class='ocrx_word' id='word_1_56' title='bbox 860 1572 1098 1635; x_wconf 90' lang='lat' dir='ltr'>misero</span> <span class='ocrx_word' id='word_1_57' title='bbox 1132 1572 1394 1635; x_wconf 88' lang='lat' dir='ltr'>misere&#39;</span> <span class='ocrx_word' id='word_1_58' title='bbox 1431 1572 1624 1636; x_wconf 88' lang='lat' dir='ltr'>aiunt</span> <span class='ocrx_word' id='word_1_59' title='bbox 1659 1571 1909 1634; x_wconf 89' lang='lat' dir='ltr'>‘omnia</span> <span class='ocrx_word' id='word_1_60' title='bbox 1944 1570 2188 1634; x_wconf 90' lang='lat' dir='ltr'>ademit</span> 
     </span>
     <span class='ocr_line' id='line_1_11' title="bbox 358 1681 1811 1760; baseline -0.001 -16"><span class='ocrx_word' id='word_1_61' title='bbox 358 1703 494 1746; x_wconf 92' lang='lat' dir='ltr'>una</span> <span class='ocrx_word' id='word_1_62' title='bbox 525 1682 664 1744; x_wconf 89' lang='lat' dir='ltr'>dies</span> <span class='ocrx_word' id='word_1_63' title='bbox 695 1681 942 1745; x_wconf 79' lang='lat' dir='ltr'>infesta</span> <span class='ocrx_word' id='word_1_64' title='bbox 970 1682 1096 1745; x_wconf 86' lang='lat' dir='ltr'>tibi</span> <span class='ocrx_word' id='word_1_65' title='bbox 1126 1688 1224 1746; x_wconf 88' lang='lat' dir='ltr'>tot</span> <span class='ocrx_word' id='word_1_66' title='bbox 1255 1682 1553 1760; x_wconf 90' lang='lat' dir='ltr'>praemia</span> <span class='ocrx_word' id='word_1_67' title='bbox 1582 1681 1811 1744; x_wconf 87' lang='lat' dir='ltr'>uitae.&#39;</span> 
     </span>
     <span class='ocr_line' id='line_1_12' title="bbox 359 1791 2033 1855; baseline 0.001 -2"><span class='ocrx_word' id='word_1_68' title='bbox 359 1791 528 1854; x_wconf 83' lang='lat' dir='ltr'>illud</span> <span class='ocrx_word' id='word_1_69' title='bbox 558 1792 631 1853; x_wconf 90' lang='lat' dir='ltr'>in</span> <span class='ocrx_word' id='word_1_70' title='bbox 660 1792 764 1854; x_wconf 91' lang='lat' dir='ltr'>his</span> <span class='ocrx_word' id='word_1_71' title='bbox 793 1794 988 1855; x_wconf 86' lang='lat' dir='ltr'>rebus</span> <span class='ocrx_word' id='word_1_72' title='bbox 1017 1812 1150 1854; x_wconf 91' lang='grc'>11011</span> <span class='ocrx_word' id='word_1_73' title='bbox 1182 1793 1441 1855; x_wconf 89' lang='lat' dir='ltr'>addunt</span> <span class='ocrx_word' id='word_1_74' title='bbox 1473 1792 1621 1855; x_wconf 90' lang='lat' dir='ltr'>‘nec</span> <span class='ocrx_word' id='word_1_75' title='bbox 1652 1791 1776 1854; x_wconf 87' lang='lat' dir='ltr'>tibi</span> <span class='ocrx_word' id='word_1_76' title='bbox 1808 1812 2033 1854; x_wconf 90' lang='lat' dir='ltr'>earum</span> 
     </span>
     <span class='ocr_line' id='line_1_13' title="bbox 362 1901 1996 1980; baseline 0.001 -18"><span class='ocrx_word' id='word_1_77' title='bbox 362 1902 491 1965; x_wconf 91' lang='lat' dir='ltr'>iam</span> <span class='ocrx_word' id='word_1_78' title='bbox 526 1902 926 1964; x_wconf 88' lang='lat' dir='ltr'>desiderium</span> <span class='ocrx_word' id='word_1_79' title='bbox 961 1922 1184 1964; x_wconf 89' lang='lat' dir='ltr'>rerum</span> <span class='ocrx_word' id='word_1_80' title='bbox 1221 1922 1420 1980; x_wconf 89' lang='lat' dir='ltr'>super</span> <span class='ocrx_word' id='word_1_81' title='bbox 1455 1901 1699 1963; x_wconf 77' lang='lat' dir='ltr'>insidet</span> <span class='ocrx_word' id='word_1_82' title='bbox 1734 1901 1996 1964; x_wconf 91' lang='lat' dir='ltr'>ullum.&#39;</span> 
     </span>
     <span class='ocr_line' id='line_1_14' title="bbox 333 2011 2169 2089; baseline -0.001 -15"><span class='ocrx_word' id='word_1_83' title='bbox 333 2011 540 2089; x_wconf 90' lang='lat' dir='ltr'>(quod</span> <span class='ocrx_word' id='word_1_84' title='bbox 575 2013 738 2075; x_wconf 90' lang='lat' dir='ltr'>bene</span> <span class='ocrx_word' id='word_1_85' title='bbox 770 2012 826 2074; x_wconf 88' lang='lat' dir='ltr'>si</span> <span class='ocrx_word' id='word_1_86' title='bbox 859 2012 1136 2075; x_wconf 88' lang='lat' dir='ltr'>uideant</span> <span class='ocrx_word' id='word_1_87' title='bbox 1172 2012 1392 2075; x_wconf 88' lang='lat' dir='ltr'>animo</span> <span class='ocrx_word' id='word_1_88' title='bbox 1425 2011 1750 2089; x_wconf 92' lang='lat' dir='ltr'>dictisque</span> <span class='ocrx_word' id='word_1_89' title='bbox 1786 2017 2169 2088; x_wconf 87' lang='lat' dir='ltr'>sequantur,</span> 
     </span>
     <span class='ocr_line' id='line_1_15' title="bbox 364 2121 2015 2200; baseline 0 -17"><span class='ocrx_word' id='word_1_90' title='bbox 364 2121 732 2185; x_wconf 86' lang='lat' dir='ltr'>dissoluant</span> <span class='ocrx_word' id='word_1_91' title='bbox 764 2122 968 2184; x_wconf 89' lang='lat' dir='ltr'>animi</span> <span class='ocrx_word' id='word_1_92' title='bbox 1001 2141 1241 2200; x_wconf 89' lang='lat' dir='ltr'>magno</span> <span class='ocrx_word' id='word_1_93' title='bbox 1275 2142 1340 2184; x_wconf 92' lang='lat' dir='ltr'>se</span> <span class='ocrx_word' id='word_1_94' title='bbox 1375 2142 1619 2199; x_wconf 87' lang='lat' dir='ltr'>angore</span> <span class='ocrx_word' id='word_1_95' title='bbox 1653 2122 2015 2198; x_wconf 89' lang='lat' dir='ltr'>metuque.)</span> 
     </span>
    </p>

    <p class='ocr_par' dir='ltr' id='par_1_4' title="bbox 365 2230 1906 2311">
     <span class='ocr_line' id='line_1_16' title="bbox 365 2230 1906 2311; baseline -0.001 -18"><span class='ocrx_word' id='word_1_96' title='bbox 365 2232 468 2294; x_wconf 91' lang='lat' dir='ltr'>‘tu</span> <span class='ocrx_word' id='word_1_97' title='bbox 501 2231 766 2310; x_wconf 90' lang='lat' dir='ltr'>quidem</span> <span class='ocrx_word' id='word_1_98' title='bbox 797 2238 875 2294; x_wconf 88' lang='lat' dir='ltr'>ut</span> <span class='ocrx_word' id='word_1_99' title='bbox 907 2252 972 2295; x_wconf 89' lang='lat' dir='ltr'>es</span> <span class='ocrx_word' id='word_1_100' title='bbox 1003 2232 1134 2294; x_wconf 88' lang='lat' dir='ltr'>leto</span> <span class='ocrx_word' id='word_1_101' title='bbox 1165 2232 1438 2311; x_wconf 89' lang='lat' dir='ltr'>sopitus,</span> <span class='ocrx_word' id='word_1_102' title='bbox 1473 2231 1565 2293; x_wconf 87' lang='lat' dir='ltr'>sic</span> <span class='ocrx_word' id='word_1_103' title='bbox 1598 2230 1726 2294; x_wconf 90' lang='lat' dir='ltr'>eris</span> <span class='ocrx_word' id='word_1_104' title='bbox 1758 2230 1906 2294; x_wconf 87' lang='lat' dir='ltr'>aeui</span> 
     </span>
    </p>

    <p class='ocr_par' dir='ltr' id='par_1_5' title="bbox 365 2341 2160 2420">
     <span class='ocr_line' id='line_1_17' title="bbox 365 2341 2160 2420; baseline 0 -16"><span class='ocrx_word' id='word_1_105' title='bbox 365 2343 538 2419; x_wconf 92' lang='lat' dir='ltr'>quod</span> <span class='ocrx_word' id='word_1_106' title='bbox 574 2350 874 2420; x_wconf 89' lang='lat' dir='ltr'>superest</span> <span class='ocrx_word' id='word_1_107' title='bbox 910 2343 1167 2405; x_wconf 88' lang='lat' dir='ltr'>cunctis</span> <span class='ocrx_word' id='word_1_108' title='bbox 1199 2342 1504 2420; x_wconf 89' lang='lat' dir='ltr'>priuatu&#39;</span> <span class='ocrx_word' id='word_1_109' title='bbox 1539 2341 1880 2404; x_wconf 90' lang='lat' dir='ltr'>doloribus</span> <span class='ocrx_word' id='word_1_110' title='bbox 1914 2341 2160 2419; x_wconf 86' lang='lat' dir='ltr'>aegris:</span> 
     </span>
    </p>

    <p class='ocr_par' dir='ltr' id='par_1_6' title="bbox 365 2451 1927 2530">
     <span class='ocr_line' id='line_1_18' title="bbox 365 2451 1927 2530; baseline -0.001 -16"><span class='ocrx_word' id='word_1_111' title='bbox 365 2459 434 2514; x_wconf 92' lang='lat' dir='ltr'>at</span> <span class='ocrx_word' id='word_1_112' title='bbox 466 2472 585 2514; x_wconf 89' lang='lat' dir='ltr'>nos</span> <span class='ocrx_word' id='word_1_113' title='bbox 616 2451 927 2515; x_wconf 89' lang='lat' dir='ltr'>horrifico</span> <span class='ocrx_word' id='word_1_114' title='bbox 957 2451 1359 2515; x_wconf 78' lang='lat' dir='ltr'>cinefactum</span> <span class='ocrx_word' id='word_1_115' title='bbox 1392 2458 1457 2515; x_wconf 88' lang='lat' dir='ltr'>te</span> <span class='ocrx_word' id='word_1_116' title='bbox 1490 2471 1699 2530; x_wconf 90' lang='lat' dir='ltr'>prope</span> <span class='ocrx_word' id='word_1_117' title='bbox 1731 2453 1927 2514; x_wconf 88' lang='lat' dir='ltr'>busto</span> 
     </span>
    </p>

    <p class='ocr_par' dir='ltr' id='par_1_7' title="bbox 365 2561 1778 2639">
     <span class='ocr_line' id='line_1_19' title="bbox 365 2561 1778 2639; baseline 0.001 -17"><span class='ocrx_word' id='word_1_118' title='bbox 365 2561 832 2624; x_wconf 85' lang='lat' dir='ltr'>insatiabiliter</span> <span class='ocrx_word' id='word_1_119' title='bbox 869 2562 1272 2639; x_wconf 77' lang='lat' dir='ltr'>defleuimUS,</span> <span class='ocrx_word' id='word_1_120' title='bbox 1308 2568 1778 2638; x_wconf 88' lang='lat' dir='ltr'>aeternumque</span> 
     </span>
    </p>

    <p class='ocr_par' dir='ltr' id='par_1_8' title="bbox 287 2671 2223 2859">
     <span class='ocr_line' id='line_1_20' title="bbox 365 2671 2033 2749; baseline 0.001 -17"><span class='ocrx_word' id='word_1_121' title='bbox 365 2673 550 2734; x_wconf 87' lang='lat' dir='ltr'>nulla</span> <span class='ocrx_word' id='word_1_122' title='bbox 582 2672 722 2735; x_wconf 88' lang='lat' dir='ltr'>dies</span> <span class='ocrx_word' id='word_1_123' title='bbox 751 2672 939 2734; x_wconf 87' lang='lat' dir='ltr'>nobis</span> <span class='ocrx_word' id='word_1_124' title='bbox 967 2692 1327 2735; x_wconf 90' lang='lat' dir='ltr'>maerorem</span> <span class='ocrx_word' id='word_1_125' title='bbox 1362 2693 1441 2735; x_wconf 83' lang='lat' dir='ltr'>ex</span> <span class='ocrx_word' id='word_1_126' title='bbox 1471 2678 1735 2749; x_wconf 88' lang='lat' dir='ltr'>pectore</span> <span class='ocrx_word' id='word_1_127' title='bbox 1769 2671 2033 2734; x_wconf 91' lang='lat' dir='ltr'>demet.’</span> 
     </span>
     <span class='ocr_line' id='line_1_21' title="bbox 287 2781 2223 2859; baseline 0.001 -18"><span class='ocrx_word' id='word_1_128' title='bbox 287 2781 534 2844; x_wconf 89' lang='lat' dir='ltr'>—illud</span> <span class='ocrx_word' id='word_1_129' title='bbox 566 2783 646 2844; x_wconf 88' lang='lat' dir='ltr'>ab</span> <span class='ocrx_word' id='word_1_130' title='bbox 676 2782 797 2844; x_wconf 90' lang='lat' dir='ltr'>hoc</span> <span class='ocrx_word' id='word_1_131' title='bbox 826 2781 1037 2858; x_wconf 84' lang='lat' dir='ltr'>igitur</span> <span class='ocrx_word' id='word_1_132' title='bbox 1069 2782 1518 2859; x_wconf 88' lang='lat' dir='ltr'>quaerendum</span> <span class='ocrx_word' id='word_1_133' title='bbox 1550 2787 1666 2857; x_wconf 88' lang='lat' dir='ltr'>est,</span> <span class='ocrx_word' id='word_1_134' title='bbox 1700 2781 1863 2857; x_wconf 91' lang='lat' dir='ltr'>quid</span> <span class='ocrx_word' id='word_1_135' title='bbox 1894 2781 1981 2844; x_wconf 93' lang='lat' dir='ltr'>sit</span> <span class='ocrx_word' id='word_1_136' title='bbox 2014 2781 2223 2844; x_wconf 86' lang='lat' dir='ltr'>amari</span> 
     </span>
    </p>

    <p class='ocr_par' dir='ltr' id='par_1_9' title="bbox 366 2890 2236 2969">
     <span class='ocr_line' id='line_1_22' title="bbox 366 2890 2236 2969; baseline -0.001 -16"><span class='ocrx_word' id='word_1_137' title='bbox 366 2898 554 2955; x_wconf 88' lang='lat' dir='ltr'>tanto</span> <span class='ocrx_word' id='word_1_138' title='bbox 585 2911 800 2969; x_wconf 90' lang='lat' dir='ltr'>opere,</span> <span class='ocrx_word' id='word_1_139' title='bbox 831 2892 916 2954; x_wconf 91' lang='lat' dir='ltr'>ad</span> <span class='ocrx_word' id='word_1_140' title='bbox 946 2911 1245 2954; x_wconf 91' lang='lat' dir='ltr'>somnum</span> <span class='ocrx_word' id='word_1_141' title='bbox 1274 2891 1330 2953; x_wconf 92' lang='lat' dir='ltr'>si</span> <span class='ocrx_word' id='word_1_142' title='bbox 1361 2911 1464 2954; x_wconf 90' lang='lat' dir='ltr'>res</span> <span class='ocrx_word' id='word_1_143' title='bbox 1495 2890 1672 2953; x_wconf 88' lang='lat' dir='ltr'>redit</span> <span class='ocrx_word' id='word_1_144' title='bbox 1704 2895 1901 2967; x_wconf 88' lang='lat' dir='ltr'>atque</span> <span class='ocrx_word' id='word_1_145' title='bbox 1932 2891 2236 2968; x_wconf 90' lang='lat' dir='ltr'>quietem,</span> 
     </span>
    </p>

    <p class='ocr_par' dir='ltr' id='par_1_10' title="bbox 369 3000 2015 3078">
     <span class='ocr_line' id='line_1_23' title="bbox 369 3000 2015 3078; baseline -0.001 -15"><span class='ocrx_word' id='word_1_146' title='bbox 369 3020 484 3063; x_wconf 90' lang='lat' dir='ltr'>cur</span> <span class='ocrx_word' id='word_1_147' title='bbox 521 3001 869 3078; x_wconf 90' lang='lat' dir='ltr'>quisquam</span> <span class='ocrx_word' id='word_1_148' title='bbox 905 3007 1174 3064; x_wconf 88' lang='lat' dir='ltr'>aeterno</span> <span class='ocrx_word' id='word_1_149' title='bbox 1207 3000 1411 3078; x_wconf 91' lang='lat' dir='ltr'>possit</span> <span class='ocrx_word' id='word_1_150' title='bbox 1445 3001 1775 3062; x_wconf 87' lang='lat' dir='ltr'>tabescere</span> <span class='ocrx_word' id='word_1_151' title='bbox 1809 3001 2015 3063; x_wconf 91' lang='lat' dir='ltr'>luctu.</span> 
     </span>
    </p>
   </div>
   <div class='ocr_carea' id='block_1_4' title="bbox 493 3190 2266 3376">
    <p class='ocr_par' dir='ltr' id='par_1_11' title="bbox 493 3190 2266 3376">
     <span class='ocr_line' id='line_1_24' title="bbox 591 3190 2266 3256; baseline -0.001 -15"><span class='ocrx_word' id='word_1_152' title='bbox 591 3191 843 3256; x_wconf 77' lang='lat' dir='ltr'>&lt;QVID</span> <span class='ocrx_word' id='word_1_153' title='bbox 891 3190 1253 3241; x_wconf 85' lang='lat' dir='ltr'><strong>AGEBANT</strong></span> <span class='ocrx_word' id='word_1_154' title='bbox 1295 3190 1486 3241; x_wconf 80' lang='lat' dir='ltr'>POST</span> <span class='ocrx_word' id='word_1_155' title='bbox 1534 3191 1789 3240; x_wconf 79' lang='lat' dir='ltr'><strong>FVNVS</strong></span> <span class='ocrx_word' id='word_1_156' title='bbox 1839 3190 2266 3250; x_wconf 80' lang='lat' dir='ltr'>ALIOVIVS&gt;</span> 
     </span>
     <span class='ocr_line' id='line_1_25' title="bbox 493 3279 2120 3376; baseline 0.001 -35"><span class='ocrx_word' id='word_1_157' title='bbox 493 3281 639 3342; x_wconf 88' lang='lat' dir='ltr'>Hoc</span> <span class='ocrx_word' id='word_1_158' title='bbox 671 3280 869 3376; x_wconf 77' lang='lat' dir='ltr'>etiam</span> <span class='ocrx_word' id='word_1_159' title='bbox 902 3279 1164 3343; x_wconf 80' lang='lat' dir='ltr'>faciunt</span> <span class='ocrx_word' id='word_1_160' title='bbox 1194 3279 1311 3342; x_wconf 90' lang='lat' dir='ltr'>ubi</span> <span class='ocrx_word' id='word_1_161' title='bbox 1342 3279 1730 3342; x_wconf 89' lang='lat' dir='ltr'>discubuere</span> <span class='ocrx_word' id='word_1_162' title='bbox 1762 3285 2120 3357; x_wconf 90' lang='lat' dir='ltr'>tenentque</span> 
     </span>
    </p>
   </div>
   <div class='ocr_carea' id='block_1_5' title="bbox 323 3388 2319 3905">
    <p class='ocr_par' dir='ltr' id='par_1_12' title="bbox 370 3388 2122 3474">
     <span class='ocr_line' id='line_1_26' title="bbox 370 3388 2122 3474; baseline -0.001 -22"><span class='ocrx_word' id='word_1_163' title='bbox 370 3391 607 3467; x_wconf 87' lang='lat' dir='ltr'>pocula</span> <span class='ocrx_word' id='word_1_164' title='bbox 636 3410 830 3468; x_wconf 85' lang='lat' dir='ltr'>saepe</span> <span class='ocrx_word' id='word_1_165' title='bbox 857 3389 1153 3452; x_wconf 89' lang='lat' dir='ltr'>homines</span> <span class='ocrx_word' id='word_1_166' title='bbox 1184 3396 1249 3453; x_wconf 93' lang='lat' dir='ltr'>et</span> <span class='ocrx_word' id='word_1_167' title='bbox 1281 3388 1669 3452; x_wconf 87' lang='lat' dir='ltr'>inumbrant</span> <span class='ocrx_word' id='word_1_168' title='bbox 1690 3409 1818 3474; x_wconf 63' lang='lat' dir='ltr'>rora</span> <span class='ocrx_word' id='word_1_169' title='bbox 1848 3389 2122 3466; x_wconf 86' lang='lat' dir='ltr'>coronis,</span> 
     </span>
    </p>

    <p class='ocr_par' dir='ltr' id='par_1_13' title="bbox 323 3498 2319 3698">
     <span class='ocr_line' id='line_1_27' title="bbox 371 3498 2319 3575; baseline -0.001 -13"><span class='ocrx_word' id='word_1_170' title='bbox 371 3521 448 3562; x_wconf 87' lang='lat' dir='ltr'>ex</span> <span class='ocrx_word' id='word_1_171' title='bbox 485 3499 706 3563; x_wconf 88' lang='lat' dir='ltr'>animo</span> <span class='ocrx_word' id='word_1_172' title='bbox 739 3506 816 3562; x_wconf 88' lang='lat' dir='ltr'>ut</span> <span class='ocrx_word' id='word_1_173' title='bbox 850 3499 1078 3562; x_wconf 88' lang='lat' dir='ltr'>dicant</span> <span class='ocrx_word' id='word_1_174' title='bbox 1117 3499 1366 3561; x_wconf 88' lang='lat' dir='ltr'>‘breuis</span> <span class='ocrx_word' id='word_1_175' title='bbox 1400 3499 1508 3561; x_wconf 91' lang='lat' dir='ltr'>hic</span> <span class='ocrx_word' id='word_1_176' title='bbox 1545 3506 1641 3562; x_wconf 89' lang='lat' dir='ltr'>est</span> <span class='ocrx_word' id='word_1_177' title='bbox 1677 3498 1942 3561; x_wconf 86' lang='lat' dir='ltr'>fructus</span> <span class='ocrx_word' id='word_1_178' title='bbox 1978 3499 2319 3575; x_wconf 83' lang='lat' dir='ltr'>homullis3</span> 
     </span>
     <span class='ocr_line' id='line_1_28' title="bbox 323 3608 2136 3698; baseline -0.001 -26"><span class='ocrx_word' id='word_1_179' title='bbox 323 3669 326 3672; x_wconf 81' lang='grc'>,</span> <span class='ocrx_word' id='word_1_180' title='bbox 371 3609 500 3672; x_wconf 92' lang='lat' dir='ltr'>iam</span> <span class='ocrx_word' id='word_1_181' title='bbox 531 3609 740 3672; x_wconf 82' lang='lat' dir='ltr'>fuerit</span> <span class='ocrx_word' id='word_1_182' title='bbox 769 3629 984 3698; x_wconf 70' lang='lat' dir='ltr'>neque¹</span> <span class='ocrx_word' id='word_1_183' title='bbox 1008 3615 1157 3686; x_wconf 88' lang='lat' dir='ltr'>post</span> <span class='ocrx_word' id='word_1_184' title='bbox 1185 3628 1498 3685; x_wconf 89' lang='lat' dir='ltr'>umquam</span> <span class='ocrx_word' id='word_1_185' title='bbox 1527 3628 1837 3671; x_wconf 89' lang='lat' dir='ltr'>reuocare</span> <span class='ocrx_word' id='word_1_186' title='bbox 1865 3609 2105 3671; x_wconf 87' lang='lat' dir='ltr'>licebit.</span> <span class='ocrx_word' id='word_1_187' title='bbox 2122 3608 2136 3635; x_wconf 91' lang='lat'>&#39;</span> 
     </span>
    </p>

    <p class='ocr_par' dir='ltr' id='par_1_14' title="bbox 375 3717 2219 3799">
     <span class='ocr_line' id='line_1_29' title="bbox 375 3717 2219 3799; baseline -0.001 -19"><span class='ocrx_word' id='word_1_188' title='bbox 375 3722 709 3795; x_wconf 84' lang='lat' dir='ltr'>tamquam</span> <span class='ocrx_word' id='word_1_189' title='bbox 738 3717 810 3779; x_wconf 90' lang='lat' dir='ltr'>in</span> <span class='ocrx_word' id='word_1_190' title='bbox 838 3725 1047 3782; x_wconf 88' lang='lat' dir='ltr'>morte</span> <span class='ocrx_word' id='word_1_191' title='bbox 1077 3717 1235 3780; x_wconf 91' lang='lat' dir='ltr'>mali</span> <span class='ocrx_word' id='word_1_192' title='bbox 1265 3738 1413 3781; x_wconf 89' lang='lat' dir='ltr'>cum</span> <span class='ocrx_word' id='word_1_193' title='bbox 1442 3717 1678 3795; x_wconf 91' lang='lat' dir='ltr'>primis</span> <span class='ocrx_word' id='word_1_194' title='bbox 1706 3718 1827 3780; x_wconf 90' lang='lat' dir='ltr'>hoc</span> <span class='ocrx_word' id='word_1_195' title='bbox 1858 3717 1945 3799; x_wconf 87' lang='lat' dir='ltr'>sit</span> <span class='ocrx_word' id='word_1_196' title='bbox 1976 3737 2219 3794; x_wconf 90' lang='lat' dir='ltr'>eorum,</span> 
     </span>
    </p>

    <p class='ocr_par' dir='ltr' id='par_1_15' title="bbox 374 3827 1995 3905">
     <span class='ocr_line' id='line_1_30' title="bbox 374 3827 1995 3905; baseline -0.001 -15"><span class='ocrx_word' id='word_1_197' title='bbox 374 3829 546 3905; x_wconf 93' lang='lat' dir='ltr'>quod</span> <span class='ocrx_word' id='word_1_198' title='bbox 575 3828 722 3890; x_wconf 88' lang='lat' dir='ltr'>sitis</span> <span class='ocrx_word' id='word_1_199' title='bbox 752 3835 986 3891; x_wconf 88' lang='lat' dir='ltr'>exurat</span> <span class='ocrx_word' id='word_1_200' title='bbox 1015 3827 1284 3890; x_wconf 89' lang='lat' dir='ltr'>miseros</span> <span class='ocrx_word' id='word_1_201' title='bbox 1315 3833 1511 3904; x_wconf 88' lang='lat' dir='ltr'>atque</span> <span class='ocrx_word' id='word_1_202' title='bbox 1542 3827 1733 3890; x_wconf 89' lang='lat' dir='ltr'>arida</span> <span class='ocrx_word' id='word_1_203' title='bbox 1761 3833 1995 3904; x_wconf 88' lang='lat' dir='ltr'>torrat,</span> 
     </span>
    </p>
   </div>
   <div class='ocr_carea' id='block_1_6' title="bbox 395 3958 1246 4077">
    <p class='ocr_par' dir='ltr' id='par_1_16' title="bbox 395 3958 1246 4077">
     <span class='ocr_line' id='line_1_31' title="bbox 395 3958 1246 4021; baseline 0 -13"><span class='ocrx_word' id='word_1_204' title='bbox 395 3960 493 4009; x_wconf 89' lang='grc'>893</span> <span class='ocrx_word' id='word_1_205' title='bbox 516 3959 783 4010; x_wconf 90' lang='lat' dir='ltr'>obrutum</span> <span class='ocrx_word' id='word_1_206' title='bbox 849 3959 984 4021; x_wconf 78' lang='lat' dir='ltr'>fort.</span> <span class='ocrx_word' id='word_1_207' title='bbox 1013 3973 1051 4008; x_wconf 85' lang='lat' dir='ltr'>a</span> <span class='ocrx_word' id='word_1_208' title='bbox 1083 3958 1246 4008; x_wconf 89' lang='lat' dir='ltr'>bruto</span> 
     </span>
     <span class='ocr_line' id='line_1_32' title="bbox 396 4028 633 4077; baseline 0.008 -2"><span class='ocrx_word' id='word_1_209' title='bbox 396 4028 494 4077; x_wconf 89' lang='grc'>901</span> <span class='ocrx_word' id='word_1_210' title='bbox 514 4041 633 4077; x_wconf 86' lang='lat' dir='ltr'>una</span> 
     </span>
    </p>
   </div>
   <div class='ocr_carea' id='block_1_7' title="bbox 395 4095 1514 4214">
    <p class='ocr_par' dir='ltr' id='par_1_17' title="bbox 395 4095 1514 4214">
     <span class='ocr_line' id='line_1_33' title="bbox 395 4095 575 4146; baseline 0.011 -2"><span class='ocrx_word' id='word_1_211' title='bbox 395 4095 494 4145; x_wconf 89' lang='grc'>908</span> <span class='ocrx_word' id='word_1_212' title='bbox 516 4098 575 4146; x_wconf 85' lang='lat' dir='ltr'>et</span> 
     </span>
     <span class='ocr_line' id='line_1_34' title="bbox 1361 4161 1514 4214; baseline 0.007 -11"><span class='ocrx_word' id='word_1_213' title='bbox 1361 4161 1514 4214; x_wconf 82' lang='grc'>[111]</span> 
     </span>
    </p>
   </div>
   <div class='ocr_carea' id='block_1_8' title="bbox 2520 605 2669 657">
    <p class='ocr_par' dir='ltr' id='par_1_18' title="bbox 2520 605 2669 657">
     <span class='ocr_line' id='line_1_35' title="bbox 2520 605 2669 657; baseline -0.013 0"><span class='ocrx_word' id='word_1_214' title='bbox 2520 652 2523 657; x_wconf 92' lang='grc'><em>.</em></span> <span class='ocrx_word' id='word_1_215' title='bbox 2567 605 2669 655; x_wconf 90' lang='grc'>890</span> 
     </span>
    </p>
   </div>
   <div class='ocr_carea' id='block_1_9' title="bbox 2571 1238 2672 1288">
    <p class='ocr_par' dir='ltr' id='par_1_19' title="bbox 2571 1238 2672 1288">
     <span class='ocr_line' id='line_1_36' title="bbox 2571 1238 2672 1288; baseline 0.01 -1"><span class='ocrx_word' id='word_1_216' title='bbox 2571 1238 2672 1288; x_wconf 90' lang='grc'>895</span> 
     </span>
    </p>
   </div>
   <div class='ocr_carea' id='block_1_10' title="bbox 2571 1786 2674 1835">
    <p class='ocr_par' dir='ltr' id='par_1_20' title="bbox 2571 1786 2674 1835">
     <span class='ocr_line' id='line_1_37' title="bbox 2571 1786 2674 1835; baseline -0.019 0"><span class='ocrx_word' id='word_1_217' title='bbox 2571 1786 2674 1835; x_wconf 91' lang='grc'>900</span> 
     </span>
    </p>
   </div>
   <div class='ocr_carea' id='block_1_11' title="bbox 2575 2338 2678 2387">
    <p class='ocr_par' dir='ltr' id='par_1_21' title="bbox 2575 2338 2678 2387">
     <span class='ocr_line' id='line_1_38' title="bbox 2575 2338 2678 2387; baseline 0.01 -1"><span class='ocrx_word' id='word_1_218' title='bbox 2575 2338 2678 2387; x_wconf 89' lang='grc'>905</span> 
     </span>
    </p>
   </div>
   <div class='ocr_carea' id='block_1_12' title="bbox 2576 2887 2679 2937">
    <p class='ocr_par' dir='ltr' id='par_1_22' title="bbox 2576 2887 2679 2937">
     <span class='ocr_line' id='line_1_39' title="bbox 2576 2887 2679 2937; baseline 0.01 -1"><span class='ocrx_word' id='word_1_219' title='bbox 2576 2887 2679 2937; x_wconf 90' lang='grc'>910</span> 
     </span>
    </p>
   </div>
  </div>
 </body>
</html>
