3182 4602
1106 383 1167 433 T.
1208 382 1535 433 LVGRETI
1574 382 1754 433 CARI

361 596 688 675 quidquid
721 596 788 659 id
824 603 939 675 est,
973 617 1383 674 quacumque
1416 617 1449 658 e
1482 617 1682 659 causa
1712 596 2051 659 flammeus
2080 596 2279 659 ardor

359 689 666 770 horribili
700 706 922 769 sonitu
958 706 1162 770 siluas
1198 707 1506 786 exederat
1543 705 1699 770 altis

362 817 442 878 ab
478 815 816 879 radicibus
851 822 916 879 et
950 823 1200 879 terram
1235 820 1623 894 percoxerat
1658 815 1818 893 igni,

360 927 673 989 manabat
704 925 893 989 uenis
928 925 1347 990 sernentibus
1377 925 1448 987 in
1480 926 1623 988 loca
1654 932 1871 988 terrae
2539 920 2676 970 1255

361 1055 653 1098 concaua
686 1035 1082 1099 conueniens
1117 1035 1378 1114 argenti
1412 1033 1603 1099 riuus
1637 1041 1703 1099 et
1737 1034 1905 1113 auri,

363 1145 534 1208 aeris
564 1145 722 1208 item
756 1152 820 1209 et
853 1145 1128 1224 plumbi.
1205 1166 1372 1223 quae
1407 1166 1555 1208 cum
1590 1151 1895 1208 concreta
1927 1144 2247 1207 uidebant

361 1255 692 1334 posterius
726 1257 907 1318 claro
939 1255 1010 1317 in
1042 1255 1242 1317 terris
1277 1256 1622 1333 splendere
1658 1255 1888 1330 colore,

361 1365 684 1450 tollebant
721 1365 940 1428 nitido
974 1364 1154 1442 capti
1191 1365 1453 1442 leuique
1490 1365 1713 1442 lepore

362 1481 429 1537 et
462 1474 664 1537 simili
698 1475 985 1538 formata
1017 1475 1337 1538 uidebant
1370 1495 1505 1538 esse
1538 1474 1755 1552 figura
2542 1468 2679 1521 1260

363 1590 563 1662 atque
599 1585 990 1647 lacunarum
1027 1584 1301 1648 fuerant
1335 1584 1620 1662 uestigia
1656 1584 1921 1660 cuique„

366 1699 511 1756 tum
544 1695 935 1771 penetrabat
971 1715 1077 1756 eos
1110 1714 1295 1772 posse
1327 1695 1487 1757 haec
1521 1693 1887 1772 liquefacta
1921 1694 2134 1757 calore

365 1803 728 1881 quamlibet
762 1804 832 1865 in
865 1803 1151 1866 formam
1181 1811 1246 1867 et
1280 1804 1519 1866 faciem
1553 1804 1903 1867 decurrere
1934 1823 2159 1867 rerum

366 1920 431 1976 et
465 1934 771 1991 prorsum
803 1913 1106 1990 quamuis
1140 1913 1210 1975 in
1243 1921 1441 1977 acuta
1471 1935 1546 1976 ac
1577 1913 1810 1976 tenuia
1842 1933 2026 1991 posse

365 2043 756 2086 mucronum
786 2023 942 2085 duci
974 2023 1249 2102 fastigia
1280 2024 1724 2102 procudendo,
2547 2019 2683 2069 1265

366 2119 448 2194 ut
473 2133 598 2194 sibi
627 2133 760 2195 tela
790 2140 1049 2210 parent,
1078 2133 1409 2210 siluasque
1438 2140 1516 2196 ut
1546 2134 1815 2195 caedere
1847 2132 2102 2210 possint

368 2242 836 2321 materiemque
873 2243 1097 2307 dolare
1132 2249 1196 2307 et
1229 2242 1404 2307 leuia
1438 2242 1675 2306 radere
1708 2242 1897 2321 tigna

367 2359 434 2415 et
465 2355 800 2416 terebrare
832 2353 1032 2416 etiam
1063 2374 1138 2416 ac
1171 2353 1573 2432 pertundere
1608 2372 1855 2430 perque
1888 2352 2130 2416 forare.

281 2483 488 2526 —nec
522 2462 744 2525 minus
776 2469 1052 2540 argento
1087 2462 1305 2526 facere
1339 2464 1499 2542 haec
1535 2483 1827 2539 auroque
1861 2463 2192 2540 parabant

371 2593 568 2649 quam
602 2572 814 2635 ualidi
850 2572 1140 2651 primum
1171 2572 1483 2635 uiolentis
1516 2572 1777 2635 uiribus
1812 2572 2000 2665 aeriS,
2549 2568 2684 2619 12⁷0

283 2682 790 2759 —nequiquam‚
829 2682 1140 2759 quoniam
1176 2683 1446 2746 cedebat
1479 2682 1662 2745 uicta
1697 2688 2004 2759 potestaS,

370 2812 489 2854 nec
524 2797 835 2869 poterant
871 2792 1125 2870 pariter
1162 2793 1404 2854 durum
1439 2792 1717 2856 sufferre
1753 2792 2059 2853 laborem.

371 2922 525 2964 ‘nam
561 2901 697 2964 fuit
728 2901 800 2962 in
835 2901 1052 2979 pretio
1082 2902 1291 2979 magis
1336 2911 1591 2972 <aes>
1640 2921 2005 2978 aurumque
2042 2901 2295 2965 iacebat

373 3018 648 3088 propter
684 3011 1120 3074 inutilitatem
1153 3011 1371 3074 hebeti
1406 3031 1718 3073 mucrone
1757 3017 2072 3074 retusum.

371 3141 550 3183 nunc
579 3120 748 3184 iacet
779 3141 905 3197 aeS,
939 3140 1178 3184 aurum
1207 3121 1278 3182 in
1308 3141 1636 3183 summum
1665 3120 1982 3184 successit·
2002 3122 2333 3183 honorem.
2551 3117 2687 3167 1275

287 3231 464 3293 —sic
499 3231 833 3294 uoluenda
869 3236 1049 3293 aetas
1085 3236 1444 3293 commutat
1477 3236 1780 3308 tempora
1816 3249 2072 3293 rerum:

374 3341 549 3417 quod
580 3340 716 3403 fuit
747 3341 817 3401 in
849 3340 1083 3418 pretio,
1116 3339 1191 3402 fit
1223 3341 1410 3403 nullo
1441 3339 1724 3417 denique
1754 3341 2034 3417 honore3

375 3470 574 3527 porro
608 3451 776 3513 aliut
812 3450 1103 3513 succedit
1140 3457 1204 3513 et
1250 3459 1431 3521 <e>
1479 3450 1965 3527 contemptibus
2000 3449 2134 3513 exit

374 3560 573 3637 inque
609 3560 748 3623 dies
782 3559 992 3637 magis
1029 3559 1372 3638 adpetitur
1408 3559 1727 3636 floretque
1764 3565 2103 3636 repertum

376 3670 688 3733 laudibus
719 3677 782 3733 et
814 3668 984 3731 miro
1016 3675 1114 3731 est
1145 3668 1443 3731 mortalis
1475 3668 1653 3731 inter
1686 3669 1950 3731 honore.
2553 3665 2687 3716 1280

364 3802 498 3852 1258
519 3805 704 3852 terras
773 3801 916 3862 vulg.
950 3805 1101 3851 terra

365 3870 499 3918 1267
523 3869 733 3919 dolaret
764 3870 943 3919 levare
970 3883 1036 3919 ac
1065 3868 1256 3918 radere
1323 3869 1457 3931 fort.
1490 3869 1683 3919 dolare
1714 3883 1779 3919 ac
1811 3869 2003 3919 levare
2035 3868 2200 3919 arida

366 3938 499 3987 1273
521 3938 665 3999 vulg.
696 3940 815 3987 tum

1367 4156 1517 4207 [207]
