3182 4602
1084 409 1186 459 DE
1223 409 1487 459 RERVM
1521 409 1831 459 NATVRA
1872 408 1973 458 111

644 621 898 680 <ALIA
947 620 1178 672 RATIO
1229 621 1486 687 QVARE
1537 621 1801 671 ANIMA
1850 621 1969 671 81¹1*
2021 620 2474 679 MORTALIS>

623 711 976 774 Praeterea
1009 731 1455 788 quaec-umque
1486 717 2058 783 manentaeterna
2089 717 2407 774 necessest

486 805 636 898 aut,
669 820 826 897 quia
855 827 1013 883 sunt
1043 820 1249 883 solido
1281 841 1432 883 cum
1461 840 1751 899 corpore,
1784 840 2093 899 respuere
2126 819 2297 884 ictus

498 950 617 993 nec
648 936 997 1009 penetrare
1028 930 1172 1009 pati
1202 930 1328 992 sibi
1360 930 1712 1008 quicquam
1745 931 1920 1007 quod
1954 935 2152 1006 queat
2185 937 2365 993 artas

499 1039 848 1103 dissociare
881 1040 1063 1103 intus
1097 1040 1328 1119 partie,
1363 1047 1441 1103 ut
1471 1040 1776 1104 materiai

499 1170 776 1229 corpora
804 1156 960 1214 sunt
991 1170 1270 1227 quorum
1298 1158 1613 1213 naturam
1644 1150 2049 1213 ostendimus
2079 1156 2251 1227 ante,

498 1266 617 1323 aut
647 1260 792 1324 ideo
827 1261 1068 1323 durare
1102 1267 1384 1323 aetatem
1414 1279 1754 1338 posse-per
1786 1279 2059 1336 omnem,

500 1371 849 1448 plagarum
885 1370 1042 1447 quia
1076 1376 1232 1432 sunt
1269 1370 1584 1448 expertia,
1620 1370 1793 1432 sicut
1826 1370 2086 1433 inanest

500 1480 673 1557 quod
705 1486 927 1543 manet
959 1480 1284 1543 intactum
1314 1500 1524 1556 neque
1555 1481 1639 1543 ab
1672 1479 1810 1541 ictu
1842 1478 2155 1556 fungitur
2183 1478 2415 1555 hilum,

499 1596 616 1653 aut
647 1589 846 1652 etiam
877 1590 1032 1666 quia
1063 1591 1249 1653 nulla
1280 1590 1405 1652 loci
1436 1589 1512 1652 fit
1543 1589 1734 1667 copia
1766 1589 2032 1665 circum,

500 1719 630 1777 quo
656 1699 842 1776 quasi
869 1720 973 1762 res
1001 1700 1253 1777 possint
1283 1699 1616 1762 discedere
1644 1698 2065 1776 dissoluique,

499 1809 695 1872 sicuti
727 1829 1131 1872 summarum
1165 1815 1481 1871 summast
1514 1815 1783 1872 aeterna
1815 1828 2025 1885 neque
2060 1812 2251 1871 extra

500 1919 649 1997 quis
677 1920 858 1982 locus
889 1924 985 1983 est
1016 1939 1145 1996 quo
1178 1919 1556 1997 diffugiant,
1590 1940 1801 1997 neque
1835 1938 2111 1996 corpora
2142 1924 2299 1981 sunt
2331 1938 2498 1995 quae

498 2030 753 2108 possint
784 2029 1072 2093 incidere
1107 2035 1171 2092 et
1202 2029 1432 2092 ualida
1462 2029 1818 2091 dissoluere
1853 2030 2069 2107 plaga.
2124 2038 2129 2043 “

626 2225 816 2301 Quod
849 2224 904 2286 si
938 2223 1113 2288 forte
1149 2224 1297 2287 ideo
1327 2210 1536 2303 magis
1569 2224 1962 2286 immortalis
1992 2224 2377 2300 habendast,

499 2336 675 2412 quod
706 2335 1025 2398 uitalibus
1059 2336 1138 2398 ab
1172 2335 1658 2398 rebusmunita
1689 2341 1974 2409 tenetur,

499 2451 617 2507 aut
652 2445 808 2521 quia
840 2465 973 2507 non
1006 2446 1290 2508 ueniunt
1324 2445 1591 2507 omnino
1625 2445 1839 2507 aliena
1874 2444 2108 2507 salutis

500 2561 618 2617 aut
652 2555 808 2631 quia
841 2575 1006 2632 quae
1041 2555 1322 2617 ueniunt
1357 2555 1580 2631 aliqua
1616 2554 1872 2616 ratione
1906 2555 2223 2616 recedunt

500 2665 693 2743 pulsa
721 2665 908 2742 prius
927 2685 1134 2752 „quam
1166 2665 1327 2741 quid
1357 2672 1636 2727 noceant
1667 2664 1911 2727 sentire
1943 2683 2257 2740 queamus

1393 2775 1428 2809 ὓ

498 2889 765 2960 praeter
797 2883 970 2946 enim
1003 2904 1199 2961 quam
1232 2884 1407 2960 quod
1437 2883 1681 2946 morbis
1711 2904 1860 2945 cum
1892 2882 2184 2960 corporis
2217 2883 2449 2960 aegrit,

501 2993 774 3056 aduenit
805 2993 1083 3070 idquod
1115 3005 1256 3056 eam
1289 2995 1370 3056 de
1403 2995 1598 3056 rebus
1629 3014 1820 3071 saepe
1855 2992 2109 3055 futuris

498 3111 788 3166 macerat
816 3103 1014 3180 inque
1042 3110 1223 3166 metu
1252 3105 1420 3166 male
1450 3105 1648 3166 habet
1679 3103 1984 3180 curisque
2018 3102 2263 3180 fatigat

499 3213 1006 3291 praeteritisque
1039 3214 1208 3276 male
1245 3213 1546 3275 admissis
1580 3219 1851 3290 peccata
1885 3213 2281 3275 remordent.

500 3324 669 3386 adde
698 3323 992 3386 furorem
1023 3323 1226 3386 animi
1254 3322 1602 3400 proprium
1632 3328 1829 3400 atque
1860 3322 2107 3385 obliuia
2136 3343 2378 3399 rerum,
2462 3349 2469 3354 ·
2552 3337 2557 3340 ’

501 3434 668 3496 adde
701 3434 876 3511 quod
909 3433 979 3494 in
1011 3433 1238 3511 nigras
1266 3432 1552 3510 lethargi
1584 3432 1909 3509 mergitur
1937 3432 2173 3494 undas,

625 3797 738 3858 Nil
773 3796 981 3875 igitur
1015 3817 1191 3859 mors
1225 3803 1320 3859 est
1356 3798 1440 3859 ad
1475 3817 1593 3858 nos
1622 3816 1839 3896 neque
1876 3789 2167 3874 pertinet
2200 3795 2429 3872 hilum,

501 3906 1032 3984 quandoquidem
1067 3883 1312 4008 natura
1348 3887 1552 3968 animi
1587 3887 1887 4004 mortalis
1919 3897 2219 4020 habetur.

521 4038 624 4086 816
643 4037 787 4099 vulg.
817 4036 960 4087 sicut

522 4105 625 4154 824
643 4105 788 4167 vuly.
819 4107 1009 4169 aegret

1454 4167 1637 4240 ’[108]

2709 1146 2806 1195 810

2709 1695 2808 1745 815

2711 2331 2810 2379 820

2710 2990 2810 3039 825

2711 3793 2807 3842 830
