3182 4602
1202 410 1304 460 DE
1341 409 1607 459 RERVM
1642 409 1951 458 NATVRA
1992 409 2055 459 ΙΙ

566 622 820 698 (fecula
854 622 984 686 iam
1019 644 1148 700 quo
1183 625 1263 687 de
1299 644 1534 702 genere
1570 630 1666 686 est
1702 623 2052 702 inulaeque
2085 623 2414 700 sapores).

723 733 1023 810 Denique
1053 733 1184 796 iam
1216 734 1460 796 calidos
1494 733 1667 810 ignis
1697 732 2109 810 gelidamque
2142 732 2455 810 pruinam

597 842 900 904 dissimili
930 843 1206 906 dentata
1233 844 1426 904 modo
1455 862 1875 921 conpungere
1905 862 2133 906 sensus

596 952 908 1030 corporis,
942 952 1190 1014 indicio
1219 953 1405 1015 nobis
1434 959 1530 1015 est
1562 960 1781 1014 tactus
1812 959 2109 1029 uterque.

600 1066 818 1124 tactus
848 1062 1040 1138 enim,
1072 1069 1310 1138 1881118,
1345 1082 1469 1140 pro
1499 1061 1723 1124 diuom
1753 1061 2028 1124 numina
2058 1068 2308 1138 sancta,

596 1171 892 1249 corporis
921 1177 1016 1233 est
1047 1192 1292 1248 88118118,
1323 1173 1426 1234 vel
1457 1193 1605 1234 811111
1637 1191 1741 1233 188
1771 1179 1995 1234 extera
2024 1190 2158 1232 sese

598 1281 914 1356 insinuat,
946 1282 1054 1343 uel
1087 1302 1234 1343 cum
1267 1281 1472 1344 laedit
1504 1302 1672 1358 quae
1706 1281 1776 1341 111
1810 1301 2081 1359 corpore
2115 1286 2338 1343 natast
2396 1285 2401 1292 '

598 1398 713 1452 aut
749 1390 939 1453 iuuat
973 1391 1314 1468 egrediens
1348 1391 1657 1467 genitalis
1690 1411 1809 1468 per
1842 1389 2120 1451 Veneris
2150 1411 2272 1466 188,

599 1505 715 1562 8111
750 1521 828 1562 ex
861 1499 1114 1562 offensu
1148 1520 1295 1562 cum
1329 1501 1605 1563 turbant
1641 1519 1912 1578 corpore
1947 1500 2017 1561 in
2050 1499 2190 1577 ipso

597 1609 846 1672 semina
883 1609 1308 1672 confundunt
1321 1620 1595 1686 <que>
1642 1609 1818 1672 inter
1855 1630 1921 1670 se
1961 1609 2215 1672 concita
2252 1629 2549 1686 sensum3

567 1719 676 1794 (ut
706 1719 762 1780 si
791 1718 965 1780 forte
997 1740 1198 1780 manu
1229 1719 1532 1795 quamuis
1561 1719 1694 1781 iam
1724 1718 2017 1796 corporis
2050 1718 2188 1796 ipse

596 1834 740 1890 tute
775 1828 899 1890 tibi
936 1836 1195 1906 partem
1231 1828 1435 1891 ferias
1471 1836 1669 1905 atque
1708 1828 2112 1916 experiare).

511 1945 1006 2016 —quapropter
1035 1939 1226 2015 longe
1259 1938 1506 2001 formas
1535 1939 1785 2001 distare
1816 1945 2135 2001 necessest

599 2047 967 2125 principiis,
1000 2048 1224 2109 uarios
1256 2068 1420 2125 quae
1456 2047 1710 2126 possint
1743 2049 1933 2110 edere
1966 2067 2211 2110 88118118.
2314 2135 2317 2144 Ι

723 2258 1023 2336 Denique
1058 2279 1222 2336 quae
1257 2258 1443 2322 nobis
1476 2260 1721 2323 durata
1754 2280 1827 2323 ac
1862 2259 2071 2337 spissa
2102 2259 2441 2336 uidentur,

596 2369 755 2432 haec
786 2369 996 2447 magis
1025 2369 1259 2432 amatis
1291 2369 1466 2432 inter
1497 2391 1632 2432 sese
1664 2390 1797 2433 esse
1828 2377 2145 2433 necessest

597 2486 662 2541 et
697 2478 885 2556 quasi
918 2479 1190 2541 ramosis
1225 2480 1354 2541 alte
1389 2486 1728 2556 compacta
1760 2478 1991 2541 teneri.

970 2586 1071 2634 DE
1112 2584 1537 2634 ADAMANTE
1578 2586 1821 2635 FERRO
1862 2586 2106 2635 SILICE
2148 2586 2347 2634 AERE

597 2671 669 2733 in
702 2692 831 2748 quo
863 2672 994 2733 iam
1024 2693 1258 2750 genere
1292 2672 1361 2732 in
1393 2672 1626 2750 primis
1660 2672 2088 2735 adamantina
2120 2692 2279 2735 saxa

600 2780 815 2858 prima
849 2780 985 2843 acie
1019 2788 1322 2844 constant
1357 2782 1528 2844 ictus
1561 2788 1973 2844 contemnere
2005 2788 2193 2844 sueta

600 2895 663 2951 et
694 2889 905 2952 ualidi
935 2890 1145 2952 silices
1177 2912 1251 2953 ac
1284 2891 1438 2953 duri
1469 2892 1706 2953 robora
1737 2890 1904 2952 ferri

599 3019 881 3076 aeraque
917 3020 1082 3077 quae
1117 3000 1423 3062 claustris
1460 3000 1780 3062 restantia
1815 2999 2295 3062 uociferantur.

513 3108 716 3171 —illa
746 3109 1009 3185 quidem
1041 3110 1280 3171 debent
1309 3129 1340 3170 e
1371 3109 1629 3171 leuibus
1658 3116 1855 3186 atque
1887 3107 2201 3172 rutundis

599 3238 734 3282 esse
766 3218 992 3296 magiS,
1029 3219 1285 3281 fluuido
1317 3239 1483 3295 quae
1518 3240 1790 3296 corpore
1823 3219 2078 3296 liquida
2113 3226 2435 3295 constant,

567 3329 883 3405 (namque
920 3328 1275 3406 papaueris
1309 3329 1589 3390 haustus
1624 3328 1842 3390 itemst
1880 3328 2097 3391 facilis
2133 3330 2307 3406 quod
2343 3332 2703 3407 aquarum)

599 3457 716 3499 1188
749 3437 1124 3500 retinentur
1157 3438 1330 3500 enim
1364 3437 1538 3499 inter
1569 3458 1635 3499 se
1671 3439 2138 3515 glomeramina
2172 3459 2468 3515 quaeque
2490 3466 2513 3501 :-

599 3553 664 3608 et
696 3548 1036 3625 perculsus
1070 3547 1224 3608 item
1258 3547 1550 3625 procliue
1583 3547 1895 3609 uolubilis
1929 3554 2160 3610 exstat.
2220 3578 2225 3583 ·

600 3657 817 3720 omnia
857 3664 1186 3735 postremo
1221 3678 1386 3734 quae
1425 3664 1675 3734 puncto
1712 3662 2004 3734 tempore
2042 3658 2257 3719 cernis

599 3767 942 3844 diffugere,
980 3773 1055 3828 111
1092 3766 1350 3828 fumum
1386 3768 1660 3829 nebulas
1695 3768 2135 3845 flammasque,
2173 3775 2511 3845 necessest,

599 3877 654 3939 si
686 3877 904 3939 minus
938 3876 1155 3939 omnia
1186 3884 1340 3939 sunt
1375 3898 1406 3940 e
1439 3878 1697 3940 leuibus
1732 3884 1928 3954 atque
1961 3878 2292 3955 rutundiS,

600 3994 668 4049 at
699 4008 831 4049 non
863 4007 996 4048 esse
1029 3993 1249 4048 tamen
1282 3987 1617 4064 perplexis
1648 3988 2041 4065 indupedita

600 4118 895 4174 pungere
925 4096 1028 4158 uti
1058 4096 1308 4172 possint
1340 4115 1578 4172 corpus
1611 4104 2085 4173 penetrareque
2117 4117 2293 4173 saxa,

619 4230 721 4279 453
746 4230 878 4288 fort.
909 4241 1014 4291 quo
1608 4226 1721 4277 [54]

2808 618 2905 666 430

2812 1168 2909 1216 435

2810 1716 2909 1764 440

2812 2368 2911 2416 445

2814 2999 2911 3047 450

2813 3547 2911 3596 455

2813 4096 2907 4144 460
