3182 4602
1219 433 1278 482 T.
1322 433 1562 484 LVCRE
1569 432 1648 481 TI
1687 432 1865 482 CARI

408 725 414 729 ¹
471 647 870 725 implicitum
907 649 1150 724 morbo,
1189 648 1387 720 morti
1425 649 1777 711 damnatus
1815 654 1892 710 ut
1929 655 2112 724 esset,

474 757 779 820 deficiens
816 757 1036 820 animo
1068 765 1314 820 maesto
1348 779 1496 842 cum
1531 759 1725 821 corde
1762 758 2033 834 iacebat,

473 866 715 930 funera
751 875 1130 946 respectans
1167 868 1454 930 animam
1491 867 1837 931 amittebat
1873 867 2134 930 ibidem.

385 1047 390 1051 ,
474 977 722 1056 quippe
763 977 1004 1041 etenim
1041 979 1227 1040 nullo
1268 979 1608 1041 cessabant
1644 985 1939 1055 tempore
1979 977 2186 1055 apisci

473 1108 553 1149 ex
586 1088 735 1151 aliis
773 1087 936 1151 alios
970 1088 1154 1151 auidi
1191 1089 1494 1165 contagia
1531 1087 1763 1164 morbi,

473 1197 803 1276 lanigeras
835 1205 1174 1276 tamquam
1208 1199 1492 1276 pecudes
1523 1205 1586 1260 et
1621 1200 1861 1261 bucera
1894 1199 2124 1260 saecla.
2204 1251 2207 1256 .

387 1307 671 1385 ——aec‘dque
704 1309 814 1370 uel
850 1309 920 1369 in
954 1307 1188 1385 primis
1221 1308 1602 1370 cumulabat
1638 1307 1874 1370 funere
1910 1307 2137 1370 funus,

472 1438 626 1480 nam
658 1417 1053 1495 quicumque
1083 1438 1232 1480 suos
1267 1417 1653 1495 fugitabant
1682 1417 1898 1480 uisere
1932 1418 2016 1480 ad
2050 1432 2297 1495 aegros»,

472 1527 642 1590 uitai
677 1528 956 1590 nimium
991 1523 1267 1606 cupidos
1303 1528 1663 1605 mortisque
1700 1527 1993 1590 timentis

474 1637 783 1715 poenibat
814 1638 1014 1716 paulo
1042 1645 1190 1716 post
1220 1638 1407 1716 turpi
1439 1645 1648 1701 morte
1678 1639 2000 1715 malaque,

471 1748 780 1824 desertos
817 1748 974 1833 opis·
994 1748 1302 1826 expertis,
1339 1748 1599 1811 incuria
1631 1755 1945 1811 mactans

474 1857 588 1935 qui
623 1857 897 1921 fuerant
932 1865 1152 1921 autem
1187 1865 1470 1936 praest0,
1506 1858 1895 1936 contagibus
1929 1857 2116 1920 ibant

473 1974 670 2044 atque
705 1969 945 2045 labore,
980 1969 1198 2046 pudor
1231 1988 1424 2045 quem
1455 1974 1601 2030 tum
1634 1970 1903 2045 cogebat
1938 1967 2115 2030 obire

471 2078 844 2155 blandaque
881 2079 1201 2140 lassorum
1235 2098 1367 2141 uox
1399 2079 1609 2141 mixta
1640 2099 1799 2144 uoce
1833 2078 2180 2155 querellae.

473 2187 762 2265 optimus
791 2189 912 2250 hoc
943 2187 1060 2250 leti
1094 2209 1300 2266 genus
1332 2208 1486 2265 ergo
1519 2188 1794 2265 quisque
1825 2188 2089 2250 subibat

1271 2299 1306 2335 ἢ

473 2408 671 2485 inque
707 2409 854 2471 aliis
889 2409 1113 2485 alium,
1150 2410 1471 2487 populum
1505 2409 1782 2487 sepelire
1815 2428 2085 2471 suorum

473 2525 832 2581 certantes:
870 2518 1159 2581 lacrimis
1195 2519 1349 2582 lassi
1385 2519 1701 2596 luctuque
1737 2519 2079 2595 redibant;
2140 2594 2145 2601 ἡ

475 2627 627 2689 inde
660 2630 898 2691 bonam
934 2636 1192 2706 partem
1227 2628 1296 2689 in
1332 2610 1574 2691 lectum
1608 2649 1901 2691 maerore
1936 2630 2289 2692 dabantur.

379 2798 388 2805 .
472 2757 591 2800 nec
629 2744 891 2815 poterat
927 2738 1611 2829 quisquam‘reperiri,
1651 2760 1844 2816 quem
1879 2760 2091 2816 neque
2127 2740 2393 2801 morbus

473 2868 592 2909 nec
627 2868 800 2910 mors
833 2869 952 2911 nec
987 2849 1206 2911 luctus
1242 2855 1601 2927 temptaret
1636 2856 1930 2927 tempore
1966 2848 2108 2911 tali.

600 3042 952 3105 Praeterea
990 3043 1121 3105 iam
1159 3049 1385 3121 pastor
1423 3050 1486 3105 et
1524 3043 1967 3108 armentarius
2005 3044 2215 3106 omnis

475 3158 540 3214 et
572 3154 881 3215 robustus
916 3152 1073 3215 item
1107 3153 1299 3215 curui
1333 3154 1709 3216 moderator
1744 3153 1955 3217 aratri

475 3262 847 3340 languebat,
887 3262 1281 3340 penitusque
1317 3283 1467 3325 casa
1503 3270 1815 3326 contrusa
1853 3263 2152 3326 iacebant

474 3391 751 3450 corpora
786 3379 1182 3450 paupertate
1217 3379 1281 3435 et
1315 3374 1542 3435 morbo
1573 3372 1803 3435 dedita
1838 3373 2054 3435 morti.

473 3482 791 3544 exanimis
829 3482 1055 3560 pueris
1090 3502 1292 3560 super
1329 3482 1703 3545 exanimata
1741 3489 2095 3560 parentum

474 3611 749 3669 corpora
787 3612 1279 3669 nonnumquem
1318 3612 1536 3670 posses
1576 3599 1882 3670 retroque
1920 3592 2149 3656 uidere

474 3701 798 3763 matribus
829 3708 894 3763 et
927 3701 1232 3779 patribus
1263 3708 1456 3763 natos
1487 3722 1687 3780 super
1722 3703 1911 3764 edere
1945 3702 2175 3764 uitam.

475 3830 593 3873 ‘nec
625 3810 963 3874 minimam
996 3818 1255 3889 partem
1289 3832 1368 3874 ex
1398 3812 1578 3888 agris
1609 3811 1665 3873 is
1696 3831 1953 3874 maeror
1987 3811 2056 3873 in
2089 3813 2319 3875 urbem

475 3919 812 3997 confluxit,
850 3921 1171 3998 languens
1209 3941 1401 3997 quem
1438 3920 1720 3983 contulit
1758 3920 2197 3998 agricolarum
2228 3964 2233 3970 -

501 4051 635 4099 1249
657 4051 789 4112 fort.
827 4052 995 4101 letum

1465 4204 1611 4254 [257]

2649 975 2785 1022 1235

2651 1193 2786 1242 1245

2651 1303 2785 1356 1237

2650 1633 2786 1683 1240

2650 2074 2787 2123 1244

2651 2735 2785 2784 1250

2660 3369 2789 3419 1255

2652 3918 2787 3967 1260
