3182 4602
984 492 1087 542 DE
1122 493 1389 544 RERVM
1423 493 1732 544 NATVRA
1772 494 1807 544 Ι

358 702 524 781 quid
556 724 756 781 porro
785 711 1136 782 nequeant,
1170 704 1500 768 sancitum
1530 706 2065 783 quandoquidem
2098 714 2299 785 extat,

359 832 481 876 nec
519 820 964 877 commutatur
1002 814 1373 892 quicquam,
1413 815 1575 892 quin
1616 815 1835 879 omnia
1873 823 2177 879 constant

357 943 568 1000 usque
601 924 781 1001 ade0,
813 924 1042 987 uariae
1072 925 1373 987 uolucres
1405 931 1482 987 ut
1512 925 1584 986 in
1618 925 1848 987 ordine
1881 933 2156 990 cunctae

359 1034 714 1096 ostendant
746 1035 1038 1096 maculas
1074 1034 1399 1111 generalis
1433 1054 1705 1113 corpore
1740 1035 1967 1112 inesse,
2572 1033 2676 1082 590

360 1141 770 1206 inmutabili’
801 1143 1117 1206 materiae
1151 1163 1410 1221 quoque
1443 1164 1683 1222 corpus
1714 1146 1955 1208 habere

359 1253 601 1315 debent
635 1252 970 1315 nimirum.
1047 1274 1200 1316 nam
1233 1253 1290 1315 si
1326 1253 1692 1332 primordia
1727 1273 1947 1317 rerum

362 1361 752 1425 commutari
787 1362 1014 1440 aliqua
1047 1370 1312 1441 possent
1345 1363 1603 1426 ratione
1636 1363 1910 1441 reuicta,

360 1471 688 1534 incertum
721 1492 978 1550 quoque
1014 1472 1145 1535 iam
1179 1479 1430 1535 constet
1465 1472 1628 1550 quid
1662 1472 1868 1551 possit
1903 1472 2084 1550 oriri,

363 1581 525 1658 quid
565 1588 866 1660 nequeat,
909 1581 1100 1644 finita
1141 1589 1430 1660 potestas
1471 1582 1754 1659 denique
1795 1582 2031 1660 cuique
2573 1581 2677 1630 595

364 1711 651 1768 quanam
683 1691 770 1754 sit
802 1690 1058 1754 ratione
1092 1697 1290 1768 atque
1324 1692 1454 1754 alte
1489 1691 1813 1754 terminus
1845 1693 2140 1754 haerens,

307 1831 314 1835 ·
365 1820 481 1863 nec
522 1801 764 1863 totiens
806 1807 1069 1878 possent
1110 1801 1475 1877 generatim
1515 1801 1729 1863 saecla
1768 1800 2020 1863 referre

364 1917 674 1972 naturam
712 1929 923 1972 mores
962 1910 1215 1972 uictum
1253 1917 1597 1987 motusque
1638 1918 2009 1988 parentum.

361 2021 617 2081 —Tum
655 2039 854 2097 porro
893 2019 1203 2097 quoniam
1243 2026 1338 2082 est
1378 2026 1743 2082 extremum
1783 2041 1865 2098 qu
1875 2022 2087 2098 odque
2125 2039 2435 2084 cacumen
2475 2092 2480 2097 ⁸

368 2129 659 2207 corporis
693 2128 873 2191 illius
906 2131 1083 2207 quod
1113 2130 1324 2193 nostri
1358 2149 1623 2193 cernere
1658 2150 1885 2192 sensus
2370 2185 2376 2190 .
2574 2129 2677 2179 600
2736 2200 2742 2207 ,

365 2237 496 2301 iam
535 2245 892 2317 nequeunt,
934 2238 1005 2301 id
1044 2238 1360 2301 nimirum
1399 2239 1539 2301 sine
1579 2239 1885 2319 partibus
1925 2247 2106 2304 extat

363 2356 428 2412 et
466 2349 741 2411 minima
781 2356 1036 2412 constat
1075 2356 1320 2412 natura
1358 2370 1476 2412 nec
1515 2349 1654 2413 fuit
1693 2371 2008 2428 umquam

362 2478 481 2535 per
513 2478 580 2521 se
613 2466 936 2522 secretum
967 2480 1177 2536 neque
1211 2460 1483 2536 posthac
1516 2479 1650 2521 csse
1684 2459 1953 2537 ualebit,

362 2568 638 2631 alterius
672 2568 1046 2645 quoniamst
1078 2568 1296 2647 ipsum
1331 2589 1488 2646 pars
1520 2568 1866 2647 primaque
1902 2576 1965 2633 et
1999 2591 2153 2647 una,

363 2678 517 2741 inde
557 2678 724 2741 aliae
764 2684 960 2755 atque
998 2678 1165 2740 aliae
1203 2677 1445 2741 similes
1481 2698 1561 2740 ex
1600 2678 1829 2741 ordine
1867 2686 2091 2757 partes
2576 2679 2677 2729 605

364 2788 624 2865 agmine
665 2788 988 2850 condenso
1027 2793 1339 2849 naturam
1380 2787 1674 2865 corporis
1715 2789 2017 2866 explent:

365 2917 531 2975 quae
567 2895 878 2974 quoniam
912 2916 1032 2975 per
1064 2916 1130 2959 se
1165 2903 1504 2973 nequeunt
1538 2904 1857 2975 constare,
1892 2906 2211 2963 necessest

359 3007 631 3069 haerere
660 3006 839 3069 unde
869 3013 1114 3083 queant
1145 3007 1332 3069 nulla
1359 3006 1617 3069 ratione
1647 3005 1899 3069 reuelli.

281 3122 518 3178 —sunt
553 3115 763 3193 igitur
797 3116 1005 3179 solida
1041 3115 1410 3194 primordia
1443 3115 1866 3193 simplicitate

363 3246 530 3303 quae
558 3224 848 3288 minimis
879 3225 1130 3303 stipata
1159 3226 1508 3288 cohaerent
1539 3224 1845 3303 partibus
1877 3232 2039 3303 arte,
2574 3225 2678 3277 610

361 3356 494 3398 11011
527 3356 608 3397 ex
635 3335 901 3398 iHorum
933 3342 1265 3398 conuentu
1298 3333 1666 3410 conciliata,

362 3447 477 3509 sed
509 3444 719 3523 magis
752 3452 1020 3509 aeterna
1055 3443 1374 3522 pollentia
1406 3442 1851 3521 simplicitate,

362 3555 539 3618 unde
573 3574 784 3632 neque
821 3553 1020 3617 auelli
1054 3552 1406 3631 quicquam
1439 3572 1651 3630 neque
1688 3552 1983 3623 deminui
2018 3552 2150 3616 iam

365 3664 663 3728 concedit
695 3670 940 3727 natura
972 3683 1319 3725 reseruans
1352 3661 1605 3725 semina
1634 3662 1849 3724 rebus

282 3780 708 3851 —praeterea
739 3772 868 3835 nisi
902 3772 1028 3836 erit
1061 3772 1425 3848 minimum,
1459 3769 1857 3849 paruissima
1891 3792 2186 3849 quaeque
2574 3771 2679 3823 615

366 3904 645 3962 corpora
678 3883 1074 3946 constabunt
1108 3903 1188 3945 ex
1223 3880 1528 3959 partibus
1562 3878 1863 3957 infinitis,

366 3994 612 4072 quippe
643 3991 759 4055 ubi
790 3990 1102 4054 dimidiae
1134 3989 1347 4069 partis
1380 4010 1536 4068 pars
1566 4008 1823 4066 semper
1850 3989 2119 4054 habebit

387 4134 485 4184 608
507 4133 645 4197 fort.
676 4135 741 4183 ut
771 4132 1060 4195 nequeant
1090 4130 1210 4180 ulla

386 4204 482 4253 611
504 4202 653 4263 ναῖς.
684 4198 904 4250 illarum
1370 4265 1486 4318 [21]
