3182 4602
1140 403 1200 452 T.
1241 403 1482 455 LVGRE
1489 402 1567 452 TI
1608 402 1785 453 CARI

392 636 510 678 nec
542 616 682 679 sine
713 636 790 679 eo
817 616 963 679 fieri
995 636 1183 695 posse
1212 624 1288 680 ut
1321 636 1667 680 cernamus
1699 620 1932 681 acute?
2602 612 2705 663 810

393 731 455 788 et
482 732 705 789 tamen
734 726 806 788 in
834 727 1028 790 rebus
1059 746 1316 804 quoque
1346 727 1597 805 apertis
1625 746 1891 790 noscere
1920 725 2146 805 possis,

392 835 448 897 si
478 856 612 899 non
646 837 959 899 aduertas
991 836 1302 914 animum,
1338 837 1619 916 proinde
1651 856 1785 900 esse
1819 835 2009 913 quasi
2041 834 2219 899 omni

389 952 683 1024 tempore
712 953 1033 1009 semotum
1060 945 1272 1009 fuerit
1299 947 1622 1024 longeque
1651 952 1993 1009 remotum.

308 1075 510 1118 —cur
543 1054 753 1133 igitur
784 1055 1109 1133 mirumst,
1145 1055 1406 1118 animus
1437 1055 1495 1118 si
1528 1062 1747 1119 cetera
1780 1054 2007 1133 perdit

391 1171 856 1243 praeterquam
889 1164 1130 1242 quibus
1161 1164 1364 1229 estin
1393 1166 1589 1228 rebus
1622 1164 1888 1228 deditus
1919 1164 2103 1243 ipse?
2602 1160 2705 1210 815

389 1275 627 1337 deinde
663 1274 1104 1353 adopinamur
1137 1276 1218 1337 de
1252 1274 1460 1352 signis
1491 1274 1780 1337 maxima
1813 1273 2045 1352 paruis

392 1405 465 1447 ac
494 1404 614 1448 nos
645 1384 716 1446 in
747 1384 1056 1448 fraudem
1089 1384 1428 1447 induimus
1461 1384 1919 1447 frustraminis
1951 1382 2099 1461 ipsi.

516 1494 631 1558 Fit
663 1514 921 1572 quoque
951 1501 1032 1557 ut
1061 1494 1399 1558 interdum
1429 1514 1566 1557 non
1595 1493 2064 1571 suppeditetur
2095 1492 2313 1571 imago
2376 1528 2382 1535 ·

391 1604 681 1667 eiusdem
714 1603 989 1682 generiS,
1019 1604 1135 1667 sed
1164 1603 1417 1667 femina
1445 1623 1615 1681 quae
1644 1602 1781 1666 fuit
1813 1609 1986 1681 ante,

391 1714 461 1775 in
493 1714 798 1778 manibus
831 1714 940 1777 uir
973 1713 1077 1776 uti
1111 1713 1333 1777 factus
1366 1713 1680 1776 uideatur
1714 1713 1956 1790 adesse,
2602 1709 2703 1761 820

391 1830 508 1887 aut
540 1824 673 1887 alia
705 1845 784 1887 ex
817 1823 951 1887 alia
981 1823 1188 1887 facies
1220 1830 1529 1900 aetasque
1559 1830 1897 1900 sequatur.

392 1934 567 2011 quod
595 1952 678 1995 ne
710 1933 1027 1996 miremur
1057 1952 1255 2012 sopor
1286 1940 1483 2010 atque
1518 1932 1767 1997 obliuia
1798 1939 2056 1996 curant.
2602 1928 2703 1979 826

514 2298 696 2361 IHud
731 2298 804 2361 in
834 2298 938 2362 his
971 2300 1166 2362 rebus
1200 2298 1444 2363 uitium
1478 2298 1895 2362 vehementer
1931 2298 2179 2362 auessis
2601 2294 2702 2346 822

390 2409 696 2487 effugere,
734 2428 1022 2472 errorem
1057 2409 1403 2487 uitareque
1440 2416 1993 2487 praemetuenter,

389 2519 643 2582 lumina
674 2539 756 2581 ne
792 2517 1002 2582 facias
1038 2520 1376 2582 oculorum
1409 2501 1591 2582 clara
1628 2526 1869 2596 creata,

388 2629 762 2706 prospicere
796 2636 872 2692 ut
908 2628 1248 2707 possimUS,
1285 2637 1351 2692 et
1382 2635 1460 2691 ut
1493 2629 1799 2708 proferre
1832 2639 2303 2707 quea<mus>
2546 2682 2560 2711 ·.
2600 2625 2702 2675 825

389 2758 691 2816 proceros
724 2759 975 2817 passUS,
1010 2739 1160 2801 ideo
1190 2738 1466 2817 fastigia
1497 2759 1685 2817 posse

387 2867 695 2911 surarum
729 2869 804 2911 ac
836 2848 1161 2912 feminum
1193 2848 1474 2927 pedibus
1505 2848 1796 2912 fundata
1828 2848 2085 2926 plicari,

388 2958 658 3022 brachia
690 2965 836 3021 tum
869 2978 1070 3036 porro
1101 2958 1346 3021 ualidis
1380 2979 1461 3021 ex
1496 2964 1659 3036 apta
1690 2959 1955 3021 lacertis

387 3087 519 3130 esse
548 3088 911 3147 manusque
943 3069 1137 3131 datas
1164 3075 1447 3146 utraque
1491 3079 1553 3140 <
1564 3079 1718 3139 ex>
1760 3075 1951 3146 parte
1983 3068 2339 3146 ministraS,
2599 3066 2701 3116 830

387 3184 463 3240 ut
495 3177 715 3241 facere
747 3178 833 3241 ad
863 3177 1076 3242 uitam
1105 3197 1439 3256 possemus
1470 3198 1638 3256 quae
1671 3178 1845 3242 foret
1877 3198 2054 3241 usus.

389 3295 603 3350 cetera
636 3289 718 3351 de
751 3309 987 3366 genere
1018 3289 1139 3350 hoc
1171 3288 1348 3350 inter
1382 3308 1830 3366 quaecumque
1863 3294 2238 3366 pretantur,

389 3397 606 3461 omnia
638 3417 953 3475 peruersa
988 3405 1417 3476 praepostera
1441 3405 1605 3482 sunt
1638 3397 1914 3475 ratione,

388 3507 484 3568 nil
516 3507 666 3570 ideo
695 3507 1006 3584 quoniam
1037 3513 1268 3570 natum
1303 3514 1399 3570 est
1434 3507 1506 3569 in
1536 3527 1809 3586 corpore
1841 3515 1920 3570 ut
1951 3507 2054 3570 uti

389 3636 739 3694 possemus,
776 3618 889 3680 sed
925 3618 1100 3695 quod
1135 3623 1432 3680 natumst
1468 3617 1537 3678 id
1574 3624 1879 3694 procreat
1915 3637 2127 3680 usum.
2598 3615 2701 3664 835

448 3723 673 3774 PRIVS
717 3722 1003 3774 OCVLOS
1047 3722 1410 3772 LINGVAM
1450 3723 1702 3773 AVRES
1746 3723 1928 3774 ESSE
1974 3722 2185 3773 NATA
2227 3723 2449 3787 QVAM

1184 3807 1454 3859 EORVM
1493 3808 1709 3857 VSVM

309 3916 505 3959 —nec
536 3896 672 3959 fuit
703 3903 856 3960 ante
886 3897 1114 3960 uidere
1147 3897 1486 3960 oculorum
1517 3897 1772 3960 lumina
1802 3903 1965 3961 nata

411 4029 510 4077 822
530 4029 717 4079 inesse
783 4030 916 4092 fort.
950 4030 1119 4079 rebus
1150 4029 1333 4094 possis
1362 4029 1571 4079 vitium
1603 4029 1969 4080 vehementer

411 4097 510 4146 825
530 4099 674 4159 vulg.
706 4111 984 4161 possemus

1378 4182 1524 4234 [147]
1559 4198 1562 4200 ’
