3182 4602
928 484 1031 533 DE
1067 484 1333 535 RERVM
1367 483 1677 535 NATVRA
1717 485 1752 535 Ι

301 698 368 756 et
403 694 521 771 qui
554 694 960 774 principium
995 696 1356 775 gignundis
1391 717 1546 761 aera
1576 699 1773 761 rebus

301 804 726 882 constituere,
761 812 879 869 aut
910 826 1203 870 umorem
1238 807 1633 885 quicumque
1668 815 1997 886 putantue

301 914 554 992 fingere
585 935 690 977 res
719 915 937 993 ipsum
969 936 1088 994 per
1119 936 1186 980 se
1216 924 1548 980 terramue
1579 937 1801 982 creare

303 1024 529 1088 omnia
561 1031 625 1088 et
659 1025 729 1087 in
763 1046 984 1088 rerum
1018 1034 1298 1090 naturas
1330 1027 1580 1090 uertier
1615 1027 1843 1104 omniS,
2521 1024 2622 1075 710

301 1154 550 1212 magno
580 1155 774 1213 opere
810 1156 849 1198 a
882 1156 1043 1198 uero
1074 1137 1265 1214 longe
1302 1137 1599 1199 derrasse
1633 1137 1972 1200 uidentur.

433 1245 630 1309 Adde
664 1245 861 1308 etiam
898 1245 1013 1323 qui
1048 1245 1521 1324 conduplicant
1555 1246 1924 1325 primordia
1959 1267 2181 1311 rerum

306 1374 464 1417 aera
497 1353 847 1432 iungentes
877 1355 1018 1434 igni
1052 1362 1428 1434 terramque
1463 1356 1727 1434 liquori,

305 1471 372 1527 et
406 1463 522 1541 qui
554 1471 872 1542 quattuor
906 1487 984 1529 ex
1017 1467 1216 1529 rebus
1247 1486 1432 1543 posse
1467 1466 1687 1529 omnia
1720 1473 1956 1530 rentur

307 1595 388 1637 ex
418 1573 560 1652 igni
590 1581 772 1637 terra
801 1581 999 1652 atque
1030 1575 1252 1639 anima
1280 1595 1692 1653 procrescere
1723 1582 1787 1639 et
1817 1575 2033 1638 imbri.
2524 1574 2625 1624 715

936 1681 1239 1732 CONTRA
1279 1681 1808 1732 EMPEDOOLEM

307 1788 590 1847 quorum
622 1770 1121 1848 Acragantinus
1154 1791 1303 1833 cum
1336 1770 1570 1849 primis
1606 1770 2036 1849 Empedocles
2070 1777 2187 1848 est,

307 1879 530 1942 insula
563 1900 756 1957 quem
789 1879 1138 1957 triquetris
1170 1888 1503 1944 terrarum
1539 1880 1737 1958 gessit
1771 1881 1843 1943 in
1878 1881 2028 1958 oris,

309 2009 507 2066 quam
544 1989 816 2052 fluitans
851 1989 1099 2053 circum
1135 1991 1391 2068 magnis
1427 1990 1845 2054 anfractibus
1882 2011 2125 2069 aequor

309 2098 574 2162 Ionium
609 2099 862 2176 glaucis
897 2100 1196 2178 aspargit
1230 2101 1420 2164 uirus
1455 2103 1538 2164 ab
1574 2100 1793 2177 undis,

310 2215 721 2287 angustoque
754 2209 938 2272 fretu
970 2210 1282 2288 rapidum
1315 2231 1495 2274 mare
1529 2210 1773 2273 dividit
1805 2209 2003 2272 undis
2524 2206 2625 2255 720

311 2320 549 2383 Italiae
581 2326 915 2383 terrarum
949 2341 1099 2383 oras
1131 2342 1169 2384 a
1202 2321 1446 2384 finibus
1478 2321 1637 2384 eiuS.

281 2429 417 2505 (hic
453 2436 550 2493 est
583 2436 777 2493 uasta
814 2429 1185 2507 Charybdis
1219 2438 1282 2495 et
1315 2431 1421 2494 hic
1455 2433 1755 2494 Aetnaea
1789 2431 2135 2499 minantur

310 2560 655 2603 murmura
692 2540 1105 2603 flammarum
1141 2561 1407 2603 rursum
1442 2561 1508 2603 se
1545 2540 1849 2618 colligere
1886 2540 2039 2618 iras,

313 2648 621 2712 faucibus
654 2657 925 2727 eruptos
956 2650 1198 2713 iterum
1228 2650 1333 2713 uis
1366 2657 1442 2713 ut
1476 2658 1701 2713 uomat
1734 2649 1906 2729 ignis

312 2760 397 2821 ad
428 2759 812 2837 caelumque
843 2758 1020 2823 ferat
1053 2761 1340 2823 flammai
1372 2760 1647 2838 fulgura
1681 2781 1966 2823 rursum.
2526 2756 2627 2806 725

316 2889 480 2947 quae
513 2890 662 2932 cum
694 2890 935 2947 magna
968 2870 1180 2932 modis
1211 2870 1439 2933 multis
1472 2869 1781 2933 miranda
1812 2870 2084 2933 uidetur

314 2957 623 3056 gentibus
655 2979 964 3042 humanis
997 2979 1180 3057 regio
1212 2980 1618 3057 uisendaque
1657 2979 1897 3056 fertur,

315 3091 512 3152 rebus
546 3088 765 3167 opima
799 3089 1005 3166 boniS‚
1041 3091 1252 3153 multa
1287 3089 1545 3151 munita
1580 3088 1801 3151 uirum
1841 3088 1932 3166 ui,

314 3199 410 3260 nil
444 3206 667 3262 tamen
698 3198 819 3261 hoc
851 3199 1155 3263 habuisse
1187 3199 1337 3263 uiro
1369 3198 1777 3276 praeclarius
1809 3198 1881 3260 in
1914 3219 1981 3263 se

315 3329 430 3371 nec
464 3315 767 3372 sanctum
800 3309 1009 3386 magis
1043 3316 1106 3371 et
1139 3309 1382 3371 mirum
1416 3328 1771 3385 carumque
1805 3308 2096 3372 uidetur.
2528 3304 2627 3353 730

317 3419 610 3481 carmina
646 3418 808 3496 quin
845 3418 1043 3482 etiam
1076 3418 1310 3491 diuini,
1331 3417 1617 3496 pectoris
1653 3417 1792 3481 eius

317 3526 779 3591 uociferantur
811 3533 876 3590 et
909 3534 1249 3605 exponunt
1282 3528 1625 3604 praeclara
1657 3533 1941 3604 reperta,

316 3643 392 3700 ut
425 3636 546 3700 uix
578 3637 869 3699 humana
902 3636 1216 3699 uideatur
1249 3636 1458 3714 stirpe
1493 3636 1808 3712 creatus.)

355 3746 574 3809 —Hic
605 3754 826 3809 tamen
859 3754 922 3810 et
957 3766 1162 3823 supra
1196 3766 1358 3824 quos
1391 3745 1679 3808 diximus
1714 3744 2065 3809 inferiores

318 3856 622 3933 partibus
656 3856 913 3934 egregie
947 3855 1175 3919 multis
1208 3856 1545 3932 multoque
1576 3855 1882 3931 minores,
2529 3852 2631 3901 735

320 3985 716 4043 quamquam
743 3966 954 4029 multa
984 3967 1147 4057 “pene
1178 3985 1253 4028 ac
1283 3964 1615 4027 diuinitus
1643 3963 2060 4026 inuenientes

342 4098 439 4148 708
457 4097 606 4159 vulg.
637 4099 907 4161 putarunt

1323 4265 1437 4318 [25]
