3182 4602
1159 391 1262 440 DE
1297 391 1562 440 RERVM
1598 391 1907 441 NATVRA
1948 391 2015 441 ΙΙ

551 611 786 681 sponte
817 625 936 668 sua
969 604 1188 668 facere
1219 605 1288 668 id
1319 607 1460 670 sine
1490 606 1562 669 ui
1594 607 1887 670 subiecta
1920 609 2295 686 putandum
2324 614 2441 670 est.

467 715 728 790 —quod
760 735 967 792 genus
996 737 1031 778 e
1060 723 1288 778 nostro
1313 737 1462 778 cum
1493 716 1731 778 missus
1762 737 2033 795 corpore
2064 718 2335 795 sanguis

551 824 786 886 emicat
820 825 1126 888 exultans
1159 826 1292 888 alte
1323 826 1711 904 spargitque
1746 843 2063 890 cruorem.
2766 823 2865 874 195

555 954 768 997 nonne
801 934 990 998 uides
1019 935 1218 998 etiam
1249 943 1501 1013 quanta
1532 936 1605 999 ui
1636 936 1826 1014 tigna
1855 938 2205 1013 trabesque

551 1052 824 1122 respuat
856 1065 1045 1107 umor
1075 1049 1328 1122 aquae?
1403 1066 1558 1109 nam
1589 1066 1723 1123 quo
1750 1046 1962 1124 magis
1988 1047 2279 1108 ursimus
2310 1047 2441 1109 alte

552 1155 818 1217 derecta
850 1162 914 1217 et
945 1175 1184 1233 magna
1217 1155 1288 1218 ui
1323 1156 1516 1218 multi
1553 1156 1912 1234 pressimus
1942 1176 2153 1233 aegre,

551 1270 688 1326 tam
720 1265 959 1342 cupide
989 1285 1252 1328 sursum
1283 1273 1575 1328 remouet
1608 1266 1817 1344 magis
1847 1273 2045 1342 atque
2078 1264 2378 1342 remittit,

553 1373 706 1451 plus
731 1381 808 1436 ut
837 1383 1028 1452 parte
1055 1374 1238 1438 foras
1265 1383 1603 1454 emergant
1631 1375 2056 1452 exiliantque.
2764 1372 2864 1421 200

465 1502 669 1544 —nec
700 1491 920 1546 tamen
951 1485 1128 1561 haec,
1161 1493 1484 1562 quantum
1517 1493 1615 1548 est
1646 1486 1717 1547 in
1746 1506 1833 1562 se,
1866 1485 2267 1560 dubitamuS,
2299 1484 2554 1562 opinor,

551 1592 714 1669 quin
747 1614 1034 1656 uacuum
1069 1615 1188 1673 per
1221 1595 1416 1658 inane
1449 1595 1755 1657 deorsum
1790 1601 2029 1657 cuncta
2063 1594 2392 1657 ferantur.

549 1701 642 1764 sic
673 1703 883 1780 igitur
906 1705 1150 1767 debent
1180 1705 1478 1768 flammae
1510 1725 1768 1782 quoque
1798 1725 1984 1782 posse
2016 1725 2135 1782 per
2165 1725 2362 1767 auras

551 1813 721 1874 aeris
751 1833 1093 1890 expressae
1125 1835 1386 1877 sursum
1417 1815 1780 1890 succedere,
1815 1835 2213 1891 quamquam

549 1924 864 1999 pondera,
894 1931 1218 2000 quantum
1247 1924 1318 1984 in
1347 1930 1496 2001 sest,
1529 1925 1833 1987 deorsum
1863 1925 2186 1987 deducere
2218 1931 2536 2002 pugnent.
2762 1920 2863 1970 205

550 2039 1036 2110 nocturnasque
1069 2033 1250 2096 faces
1281 2034 1442 2096 caeli
1477 2035 1753 2096 sublime
1784 2034 2077 2097 uolantis

547 2161 766 2205 nonne
797 2143 984 2206 uides
1014 2144 1244 2221 longos
1272 2143 1685 2206 flammarum
1720 2145 1958 2207 ducere
1989 2151 2244 2207 tractus

549 2250 620 2313 in
653 2272 1093 2331 quascumque
1124 2254 1309 2316 dedit
1341 2254 1554 2333 partis
1583 2262 1830 2318 natura
1860 2258 2191 2317 meatum?

547 2382 682 2424 non
713 2364 945 2426 cadere
976 2364 1046 2424 in
1075 2371 1322 2431 terram
1353 2365 1576 2427 stellas
1610 2372 1673 2428 et
1704 2365 1924 2427 sidera
1954 2365 2210 2427 cernis?

547 2473 642 2534 sol
679 2472 875 2534 etiam
921 2474 1232 2544 <caeli>
1277 2475 1357 2537 de
1391 2475 1641 2536 uertice
1678 2475 1958 2552 dissipat
1993 2475 2205 2538 omnis
2763 2469 2861 2518 210

550 2583 852 2644 ardorem
883 2583 954 2644 in
987 2582 1198 2660 partis
1231 2590 1295 2646 et
1325 2584 1573 2647 lumine
1606 2585 1890 2646 conserit
1924 2605 2123 2659 arua3

547 2690 620 2751 in
649 2697 864 2754 terras
895 2691 1104 2769 igitur
1135 2713 1392 2770 quoque
1424 2694 1580 2755 solis
1608 2694 1914 2772 uergitur
1947 2694 2164 2756 ardor.

547 2807 1089 2878 transuersosque
1117 2802 1342 2865 uolare
1372 2824 1491 2880 per
1521 2804 1749 2866 imbris
1779 2803 2065 2865 fulmina
2095 2802 2341 2879 cernis;

547 2930 726 2972 nunc
756 2910 910 2972 hinc
937 2932 1115 2973 nunc
1147 2911 1330 2974 illinc
1362 2914 1634 2989 abrupti
1663 2913 1951 2975 nubibus
1981 2912 2165 2989 ignes
2208 2978 2211 2983 ,

549 3028 979 3095 concursant3
1013 3022 1192 3083 cadit
1223 3020 1293 3081 in
1327 3029 1542 3084 terras
1572 3022 1679 3083 uis
1710 3021 2009 3084 flammea
2041 3022 2254 3099 uolgo,
2761 3018 2861 3066 215

677 3130 858 3192 Illud
888 3130 958 3190 in
989 3130 1092 3191 his
1123 3151 1380 3207 quoque
1409 3138 1474 3192 te
1505 3133 1701 3194 rebus
1733 3151 2116 3208 cognoscere
2149 3150 2437 3207 auemUS,

549 3259 828 3317 corpora
857 3260 1006 3302 cum
1036 3241 1339 3302 deorsum
1372 3246 1626 3302 rectum
1659 3262 1779 3317 per
1810 3240 2006 3303 inane
2039 3240 2355 3303 feruntur

550 3349 955 3426 ponderibus
989 3349 1296 3427 propriis,
1334 3349 1588 3412 incerto
1620 3356 1913 3427 tempore
1949 3349 2157 3412 ferme

549 3458 947 3535 incertisque
983 3459 1142 3520 locis
1175 3458 1394 3536 spatio
1428 3459 1757 3535 depellere
1795 3461 2089 3537 paulum,

548 3576 812 3631 tantum
846 3568 1022 3644 quod
1054 3588 1308 3631 momen
1339 3573 1671 3630 mutatum
1704 3567 1920 3630 dicere
1955 3568 2191 3645 possis„
2762 3563 2859 3612 220

1039 3674 1268 3732 <DE>
1317 3673 1890 3724 DECLINATIONE
1934 3673 2185 3724 MOTVS

550 3764 725 3841 quod
753 3762 882 3824 nisi
911 3763 1241 3826 declinare
1269 3762 1572 3837 solerent,
1604 3762 1822 3825 omnia
1848 3764 2174 3839 deorsum,

549 3873 779 3936 imbris
811 3872 911 3935 uti
945 3879 1192 3949 guttae,
1227 3873 1537 3935 caderent
1573 3892 1693 3950 per
1726 3871 1922 3935 inane
1958 3871 2389 3950 profundum,

574 4006 671 4054 193
693 4005 837 4064 vulq.
871 4002 1159 4067 subigente

572 4074 673 4122 199
692 4073 839 4133 vuly.
871 4071 1100 4120 revomit

1556 4163 1669 4214 [46]
