3182 4602
1105 420 1166 470 T.
1203 421 1529 472 LVGRETI
1564 421 1743 472 CARI

361 631 574 694 omnis
605 633 778 695 enim
811 634 988 697 calor
1022 655 1097 698 ac
1130 635 1350 713 frigus
1381 635 1710 714 mediique
1740 643 2001 715 tepores

359 741 856 821 interutrasque
888 743 1105 808 iacent
1139 745 1476 823 explentes
1507 745 1738 810 ordine
1771 766 2110 809 summam.

274 871 522 929 —ergo
549 851 742 915 finita
773 853 1026 917 distant
1058 855 1314 918 ratione
1347 862 1586 932 creata,

361 961 642 1039 ancipiti
673 962 983 1039 quoniam
1012 963 1313 1026 mucroni
1342 964 1678 1043 utrimque
1709 972 2050 1042 notantur,

361 1071 516 1133 hinc
550 1071 830 1134 flammis
861 1072 1046 1136 illinc
1079 1072 1315 1151 rigidis
1347 1073 1598 1137 infesta
1628 1074 1910 1153 pruinis.

681 1432 983 1490 <INTER
1027 1432 1117 1482 SE
1162 1433 1468 1484 SIMILIA
1510 1433 1871 1484 INFINITA
1914 1433 2162 1492 ESSE>

491 1519 683 1598 Quod
717 1521 1026 1598 quoniam
1061 1522 1274 1599 docui,
1309 1543 1581 1600 pergam
1615 1531 1950 1585 conectere
1982 1544 2120 1586 rem
2154 1543 2319 1601 quae

363 1650 441 1692 ex
469 1630 589 1692 hoc
622 1637 782 1708 apta
811 1630 1008 1694 fidem
1038 1633 1259 1708 ducat,
1293 1631 1659 1709 primordia
1690 1653 1933 1709 rerum,

363 1738 537 1801 inter
565 1759 642 1802 se·
660 1738 861 1801 simili
890 1761 1056 1818 quae
1086 1747 1244 1803 sunt
1271 1740 1571 1819 perfecta
1600 1741 1833 1820 figura,

362 1847 628 1912 infinita
658 1849 894 1912 cluere.
981 1849 1255 1925 (etenim
1287 1850 1609 1914 distantia
1642 1872 1788 1913 cum
1820 1851 1907 1914 sit

363 1957 732 2021 formarum
761 1958 970 2036 finita,
1003 1980 1259 2022 necesse
1291 1967 1388 2023 est
1422 1979 1588 2037 quae
1621 1949 1864 2022 similes
1894 1959 2031 2024 sint

361 2088 494 2131 esse
530 2067 830 2131 infinitas
864 2075 980 2132 aut
1016 2089 1336 2132 summam
1370 2068 1675 2132 materiai
1935 2154 1940 2159 ⁸

361 2177 620 2241 finitam
649 2185 967 2256 constare,
1001 2178 1070 2241 id
1102 2180 1278 2256 quod
1307 2198 1440 2241 non
1471 2199 1606 2242 esse
1637 2179 1971 2257 probaui.)

360 2273 658 2351 versibus
690 2289 1032 2353 ostendam
1065 2289 1454 2368 corpuscula
1488 2288 1793 2353 materiai

362 2417 440 2459 ex
471 2397 738 2461 infinito
768 2419 1088 2461 summam
1122 2420 1343 2463 rerum
1375 2419 1582 2476 usque
1616 2406 1858 2476 tenere,

359 2507 656 2586 undique
690 2508 948 2585 protelo
976 2489 1326 2587 plagarum
1359 2508 1763 2571 continuato

361 2637 514 2680 nam
544 2618 722 2695 quod
752 2638 907 2681 rara
933 2618 1122 2681 uides
1149 2618 1358 2695 magis
1389 2638 1522 2679 esse
1553 2618 1867 2681 animalia
1897 2619 2239 2695 quaedam,

364 2725 848 2804 fecundamque
879 2727 1090 2804 magis
1121 2732 1433 2789 naturam
1467 2728 1684 2790 cernis
1714 2727 1786 2788 in
1820 2728 1971 2804 illis,

363 2843 431 2899 at
461 2836 728 2914 regione
761 2838 1029 2913 locoque
1061 2836 1193 2899 alio
1223 2836 1547 2913 terrisque
1581 2837 1848 2899 remotis

360 2946 573 3009 multa
605 2946 757 3009 licet
790 2966 1026 3023 genere
1059 2966 1193 3009 esse
1225 2945 1297 3007 in
1329 2967 1404 3009 eo
1431 2966 1910 3023 numerumque
1943 2946 2207 3025 repleri.

335 3056 559 3131 (sicuti
594 3054 1082 3133 quadripedum
1115 3075 1263 3117 cum
1295 3054 1528 3132 primis
1561 3075 1694 3117 esse
1726 3055 2028 3118 uidemus
2092 3112 2104 3123 .

363 3165 431 3226 in
465 3186 702 3243 genere
737 3164 1178 3242 anguimanus
1213 3165 1614 3242 elephantOS,
1652 3165 1847 3256 India
1881 3185 2162 3242 quorum

362 3275 630 3337 milibus
663 3296 697 3337 e
732 3274 960 3337 multis
995 3274 1175 3336 uallo
1208 3274 1510 3336 munitur
1547 3276 1816 3351 eburno,

360 3391 437 3447 ut
466 3383 737 3463 penitus
765 3390 1049 3461 nequeat
1080 3382 1418 3461 penetrari
1437 3385 1463 3445 ε’
1482 3388 1673 3446 tanta
1705 3383 2004 3446 ferarum

360 3493 466 3556 uis
495 3500 612 3571 est,
646 3514 928 3571 quarum
957 3513 1076 3555 nos
1109 3513 1444 3571 perpauca
1475 3494 1775 3570 exempla
1804 3492 2160 3571 uidemus)

363 3606 474 3667 sed
504 3610 727 3667 tamen
756 3603 828 3665 id
860 3622 1116 3681 quoque
1148 3602 1251 3665 uti
1284 3586 1652 3679 concedam,
1687 3603 2069 3679 quamlubet
2102 3611 2241 3667 esto

361 3714 557 3777 unica
583 3733 688 3776 res
717 3713 1040 3789 quaedam
1065 3712 1295 3775 natiuo
1324 3732 1595 3790 corpore
1624 3712 1779 3789 sola,

367 3824 472 3888 cui
502 3822 738 3886 similis
767 3828 909 3884 toto
937 3828 1270 3884 terrarum
1313 3831 1594 3894 <non>
1638 3822 1723 3885 sit
1766 3822 1985 3895 <in>
2029 3823 2205 3899 orbi;

383 3952 484 4002 529
505 3953 650 4014 vulg.
684 3953 990 4003 ostendens

383 4022 482 4070 533
504 4021 649 4081 vuly.
679 4019 859 4070 minus

385 4088 483 4138 536
503 4088 650 4150 ναῖς.
682 4087 825 4139 sicut

1369 4200 1481 4251 [57]

2572 962 2673 1013 520

2572 1847 2674 1898 525

2541 2419 2547 2434 x
2572 2395 2673 2446 530

2572 2944 2674 2993 535

2572 3493 2674 3542 540
