3182 4602
1127 341 1228 390 DE
1264 341 1529 391 RERVM
1565 342 1875 392 NATVRA
1921 341 1968 391 V

521 575 602 618 ne
634 555 810 631 quod
843 556 923 617 ob
955 557 1313 619 admissum
1345 557 1535 620 foede
1569 557 1907 621 dictumue
1939 558 2221 635 superbe

522 682 885 741 poenarum
920 685 1124 742 graue
1160 665 1246 727 sit
1281 666 1583 728 soluendi
1618 673 1881 744 tempus
1918 667 2317 729 adauctum?
2704 661 2844 709 1225

459 765 472 772 ”
521 793 776 836 summa
809 774 1007 836 etiam
1040 795 1188 836 cum
1219 775 1324 837 uis
1353 775 1633 837 uiolenti
1667 795 1786 853 per
1817 795 1998 839 mare
2030 775 2219 838 uenti

522 882 1062 960 induperatorem
1096 884 1321 946 classis
1351 905 1551 962 super
1585 904 1873 961 aequora
1904 884 2119 948 uerrit

523 1012 671 1055 cum
702 992 947 1055 ualidis
978 993 1232 1071 pariter
1264 993 1633 1072 legionibus
1662 993 1859 1070 a'tque
1893 994 2279 1072 elephantie,

522 1121 654 1163 non
688 1101 912 1164 diuom
945 1122 1172 1180 pacem
1202 1103 1380 1166 uotis
1409 1103 1552 1166 adit
1585 1123 1661 1166 ac
1693 1124 1887 1182 prece
1919 1103 2175 1180 quaesit

521 1217 873 1274 uentorum
907 1212 1195 1290 pauidus
1228 1232 1420 1290 paces
1453 1213 1835 1290 animasque
1866 1214 2205 1289 secundas,
2707 1208 2842 1258 1230

437 1321 941 1398 —nequiquam,
981 1321 1291 1398 quoniam
1326 1321 1622 1384 uiolento
1656 1322 1923 1386 turbine
1962 1341 2155 1399 saepe

524 1438 866 1508 correptus
900 1431 1109 1492 nihilo
1143 1431 1364 1494 fertur
1399 1431 1619 1494 minus
1655 1431 1739 1494 ad
1774 1432 1951 1494 uada
1984 1431 2142 1494 leti?

492 1539 732 1617 (usque
765 1541 929 1603 adeo
961 1560 1064 1603 res
1096 1542 1419 1604 humanas
1451 1541 1557 1603 uis
1591 1541 1821 1604 abdita
1853 1541 2177 1618 quaedam

524 1650 770 1728 opterit
804 1657 870 1713 et
904 1651 1214 1728 pulchros
1250 1650 1451 1714 fascis
1483 1670 1841 1728 saeuasque
1876 1670 2133 1714 secures

523 1760 906 1836 proculcare
936 1781 1012 1823 ac
1042 1760 1334 1823 ludibrio
1361 1759 1487 1822 sibi
1516 1761 1759 1824 habere
1786 1759 2112 1836 uidetur.)
2706 1757 2843 1805 1235

463 1867 470 1873 ’
522 1869 804 1946 denique
835 1870 956 1932 sub
989 1870 1268 1947 pedibus
1299 1871 1496 1932 tellus
1531 1890 1679 1932 cum
1712 1877 1854 1932 tota
1886 1869 2159 1933 uacillat

522 1999 998 2056 concussaeque
1032 1980 1282 2042 cadu'nt
1316 1980 1512 2042 urbes
1549 1979 1918 2056 dubiaeque
1952 1979 2317 2056 minantur,

523 2088 684 2165 quid
715 2089 958 2151 mirum
987 2089 1043 2150 si
1072 2109 1138 2151 se
1169 2096 1476 2152 temnunt
1506 2089 1816 2152 mortalia
1846 2090 2059 2151 saecla

523 2206 720 2276 atque
753 2198 1099 2277 potestatis
1129 2219 1402 2276 magnas
1431 2199 1762 2276 mirasque
1796 2198 2138 2275 relinqunt

523 2309 593 2369 in
622 2310 817 2371 rebus
842 2309 1010 2372 uiris
1038 2309 1279 2384 diuom,
1312 2330 1478 2386 quae
1509 2316 1749 2371 cuncta
1778 2309 2148 2386 gubernent
2192 2313 2217 2371 ‘l
2706 2306 2841 2355 1240

679 2415 1294 2481 QVEMADMODVM
1328 2414 1610 2465 AVRVM
1642 2414 2075 2465 ARGENTVM
2104 2414 2495 2464 PLVMBVM

1295 2500 1715 2550 REPERTVM
1764 2500 1883 2550 SIT

561 2600 570 2607 '
653 2589 842 2666 Quod
876 2596 1194 2666 superest,
1232 2609 1346 2651 aes
1375 2596 1572 2665 atque
1611 2610 1849 2651 aurum
1886 2588 2272 2665 ferrumque
2308 2595 2715 2667 repertumst

525 2704 589 2759 et
625 2698 822 2761 s'imul
858 2699 1117 2777 argenti
1155 2699 1415 2776 pondus
1452 2698 1836 2776 plumbique
1876 2704 2183 2776 potestas,

525 2808 701 2885 ignis
728 2808 844 2870 ubi
878 2808 1165 2885 ingentis
1197 2808 1400 2871 siluas
1433 2809 1670 2871 ardore
1705 2814 2029 2871 cremarat

454 2988 458 2992 ³
524 2918 856 2979 montibus
888 2918 958 2979 in
987 2918 1262 2995 magniS‚
1297 2938 1410 2980 seu
1443 2918 1623 2980 caelo
1653 2915 1934 2980 fulmine
1966 2917 2178 2993 mis80,

525 3027 665 3091 siue
697 3029 872 3104 quod
903 3027 1077 3090 inter
1108 3047 1174 3090 se
1205 3028 1450 3089 bellum
1482 3027 1784 3089 siluestre
1817 3033 2117 3104 gerentes
2706 3023 2839 3072 1245

523 3137 822 3199 hostibus
857 3125 1224 3199 intulerant
1260 3137 1479 3213 ignem
1515 3136 1895 3198 formidinis
1932 3156 2106 3213 erg0,

525 3246 665 3310 siue
699 3247 875 3324 quod
909 3246 1167 3308 inducti
1198 3252 1416 3309 terrae
1449 3246 1745 3309 bonitate
1778 3246 2090 3309 uolebant

526 3357 817 3435 pandere
849 3374 1040 3433 agros
1072 3354 1340 3433 pinguis
1373 3361 1437 3417 et
1469 3375 1715 3433 pascua
1746 3355 2021 3417 reddere
2052 3376 2235 3432 rura,

525 3466 665 3530 siue
697 3466 876 3529 feras
909 3464 1276 3527 interficere
1311 3471 1375 3527 et
1407 3464 1726 3527 ditescere
1762 3464 2029 3541 praeda.

495 3577 682 3652 (nam
714 3575 910 3638 fouea
943 3581 1140 3651 atque
1173 3573 1314 3651 igni
1346 3574 1536 3651 prius
1566 3579 1665 3635 est
1694 3572 2003 3635 uenarier
2036 3579 2254 3637 ortum
2706 3573 2837 3621 1250

527 3705 723 3762 quam
758 3683 1015 3761 saepire
1050 3683 1267 3761 plagis
1299 3683 1543 3746 saltum
1577 3682 1979 3759 canibusque
2015 3682 2238 3759 ciere.)

514 3817 650 3873 1224
669 3818 814 3878 vuly.
845 3814 1046 3881 nequid

515 3886 650 3935 1225
669 3885 768 3933 alii
795 3885 908 3934 alia

518 3954 650 4003 1241
673 3956 918 4017 superest
954 3965 1124 4015 aeque

516 4020 651 4069 1244
671 4020 814 4080 vulg.
845 4018 983 4068 caeli

1515 4108 1663 4159 [206]
