3182 4602
1125 413 1229 464 DE
1264 412 1530 463 RERVM
1564 412 1875 462 NATVRA
1914 410 1982 462 ΙΙ

521 627 697 704 quod
729 634 968 704 mouet,
1001 634 1065 690 et
1098 627 1321 691 uarios
1352 647 1579 691 sensus
1612 647 1993 706 expromere
2026 625 2220 705 cogit,

522 757 602 799 ex
634 736 1058 800 insensilibus
1086 758 1170 801 ne
1204 738 1434 801 credas
1467 737 1703 801 sensile
1736 736 1964 816 gigni?

436 845 837 910 —nimirum
868 847 1126 927 lapides
1153 854 1218 910 et
1246 847 1429 925 ligna
1459 854 1523 910 et
1552 855 1735 910 terra
1767 847 1943 924 quod
1972 866 2108 909 una

520 955 730 1020 mixta
758 963 980 1021 tamen
1010 965 1350 1035 nequeunt
1375 956 1650 1020 uitalem
1681 957 1957 1020 reddere
1989 975 2268 1019 sensum.

437 1066 693 1129 ——oe'llud
724 1065 795 1127 in
824 1065 929 1128 his
957 1066 1166 1145 igitur
1198 1068 1393 1129 rebus
1423 1066 1791 1130 meminisse
1825 1065 2097 1142 decebit,

522 1196 656 1239 non
685 1197 764 1240 ex
793 1175 1096 1240 omnibus
1123 1176 1405 1252 omnino,
1437 1196 1886 1254 quaecumque
1914 1182 2144 1239 creant
2172 1195 2275 1239 res

523 1285 808 1363 sensilia,
841 1286 1166 1364 extemplo
1194 1307 1295 1349 me
1328 1285 1512 1364 gigni
1541 1286 1760 1348 dicere
1791 1305 2039 1363 86118118,

523 1397 637 1460 sed
668 1395 893 1474 magni
922 1395 1176 1459 referre
1208 1416 1284 1458 ea
1315 1395 1606 1473 primum
1639 1397 1966 1472 quantula
1996 1400 2315 1471 constent,

525 1505 758 1568 sensile
791 1525 956 1583 quae
989 1504 1271 1582 faciunt,
1305 1511 1370 1569 et
1403 1525 1535 1582 qua
1565 1504 1700 1566 sint
1734 1505 2041 1583 praedita
2074 1504 2309 1580 forma,

525 1615 811 1678 motibus
845 1615 1191 1678 ordinibus
1223 1613 1541 1693 posituris
1576 1614 1859 1691 denique
1895 1635 2062 1692 quae
2096 1614 2249 1676 sint.

526 1745 808 1802 quarum
839 1725 935 1787 nil
965 1746 1188 1788 rerum
1220 1724 1290 1786 in
1321 1723 1521 1802 lignis
1551 1723 1927 1802 glaebisque
1956 1724 2278 1788 uidemuS.

441 1841 592 1898 —et
619 1841 840 1897 tamen
868 1835 1046 1911 haec,
1079 1855 1228 1897 cum
1258 1841 1414 1896 sunt
1445 1834 1634 1911 quasi
1666 1833 2049 1913 putrefacta
2081 1854 2200 1912 per
2230 1833 2488 1910 imbres,

527 1944 921 2008 uermiculos
963 1944 1258 2022 pariunt,
1306 1944 1464 2021 quia
1507 1964 1787 2021 corpora
1827 1942 2131 2006 materiai

528 2052 820 2130 antiquis
850 2073 929 2116 ex
957 2052 1302 2115 ordinibus
1330 2059 1633 2130 permota
1658 2073 1833 2115 noua
1861 2073 1933 2115 re

527 2161 966 2224 conciliantur
997 2161 1091 2224 ita
1124 2166 1201 2223 ut
1232 2161 1473 2224 debent
1506 2160 1821 2224 animalia
1854 2161 2058 2239 gigni.

652 2356 907 2419 Deinde
947 2377 1026 2419 ex
1064 2357 1415 2420 sensilibus
1452 2357 1567 2435 qui
1606 2357 1839 2421 sensile
1880 2377 2065 2436 posse
2107 2356 2317 2419 creari

528 2464 960 2541 constituunt,
997 2485 1197 2544 porro
1231 2488 1310 2529 ex
1343 2466 1491 2529 aliis
1525 2466 1770 2529 sentire
1804 2466 1975 2528 sueti

528 2574 750 2637 mollia
782 2595 930 2637 cum
960 2574 1240 2638 faciunt.
1317 2596 1470 2639 nam
1501 2596 1730 2638 sensus
1763 2575 2065 2652 iungitur
2098 2574 2306 2637 omnis

527 2683 892 2747 uisceribus
922 2685 1148 2747 neruis
1178 2685 1385 2761 uenis,
1421 2705 1868 2762 quaecumque
1898 2684 2201 2763 uidemus

527 2794 753 2856 mollia
781 2794 1047 2857 mortali
1076 2794 1427 2857 consistere
1459 2814 1729 2872 corpore
1761 2801 1959 2857 creta.

444 2905 643 2967 —sed
673 2911 894 2966 tamen
925 2911 1064 2967 esto
1094 2904 1224 2967 iam
1257 2923 1442 2982 posse
1472 2906 1631 2967 haec
1664 2910 1932 2967 aeterna
1964 2924 2262 2979 manere3

529 3033 762 3090 nempe
793 3020 1014 3076 tamen
1046 3014 1284 3077 debent
1317 3021 1434 3077 aut
1466 3034 1727 3076 sensum
1759 3013 1972 3091 partis
2001 3013 2241 3076 habere

531 3130 646 3186 aut
680 3123 911 3185 similis
941 3123 1102 3186 totis
1132 3124 1526 3186 animalibus
1559 3143 1695 3187 esse
1728 3123 1974 3201 putari.

531 3239 600 3295 at
633 3240 964 3309 nequeant
996 3254 1115 3311 per
1147 3253 1212 3295 se
1247 3240 1469 3310 partes
1502 3232 1747 3295 sentire
1780 3252 2034 3295 necesse
2068 3238 2199 3308 est3

530 3363 812 3420 namque
848 3343 1010 3406 alios
1043 3363 1269 3405 sensus
1304 3344 1744 3405 membrorum
1778 3341 2034 3420 respuit
2068 3341 2297 3419 01111118,

530 3473 648 3515 1168
678 3473 912 3515 manus
941 3474 980 3515 a
1009 3452 1195 3515 nobis
1227 3452 1400 3530 potis
1430 3458 1527 3515 est
1557 3458 1807 3515 secreta
1836 3472 2045 3529 neque
2075 3452 2217 3513 ulla

530 3562 823 3639 corporis
855 3561 1120 3625 omnino
1149 3582 1410 3625 sensum
1443 3582 1600 3639 pars
1632 3562 1767 3623 sola
1798 3568 2041 3624 tenere.

530 3672 861 3749 linquitur
892 3679 969 3734 ut
1002 3672 1159 3734 totis
1193 3671 1642 3734 animantibus
1676 3671 2177 3734 adsimulentur.

446 3781 623 3844 —sic
653 3782 883 3845 itidem
914 3801 1081 3858 quae
1112 3780 1430 3844 sentimus
1461 3781 1707 3844 sentire
1738 3785 2076 3857 necessest,

530 3890 726 3953 uitali
754 3899 832 3954 ut
862 3890 1115 3969 possint
1146 3890 1512 3953 consentire
1544 3890 1839 3967 undique
1870 3910 2083 3952 8811811.

555 4023 655 4072 903
678 4022 812 4084 fort.
846 4038 1009 4087 porro
1040 4022 1284 4087 migrant
1317 4021 1519 4072 sentire

555 4090 657 4140 909
677 4091 821 4152 vulo.
853 4090 1022 4141 simili

1542 4181 1656 4233 [70]

2736 950 2834 1000 890

2739 1499 2841 1548 895

2740 2048 2843 2098 900

2743 2680 2845 2731 905

2743 3229 2843 3278 910

2746 3777 2840 3827 923

2746 3886 2842 3935 915
