3182 4602
1084 357 1184 406 DE
1221 357 1485 407 RERVM
1520 356 1830 406 NATVRA
1871 356 1971 406 111

496 573 666 637 adde
698 571 1207 635 Heliconiadum
1241 571 1539 649 comites3
1573 592 1855 649 quorum
1886 592 2061 635 unus
2094 572 2426 635 Homerus

497 689 758 760 sceptra
786 681 1042 760 potitus
1067 682 1292 744 eadem
1321 681 1469 744 aliis
1495 682 1719 759 sopitu
1735 681 1748 707 '
1779 681 2079 759 quietest.

496 782 779 861 denique
816 783 1266 847 Democritum
1299 790 1650 861 postquam
1684 788 1949 846 matura
1982 788 2283 846 uetustas

496 892 841 956 admonuit
871 914 1184 956 memores
1216 899 1434 956 motus
1462 895 1885 971 languescere
1914 892 2171 970 mentis,
2676 888 2807 937 1040

495 1009 729 1080 sponte
763 1023 884 1066 sua
915 1004 1047 1065 leto
1079 1010 1282 1081 caput
1316 1002 1550 1066 obuius
1583 1003 1831 1081 optulit
1863 1003 2023 1081 ipse.

493 1111 636 1189 ipse
671 1112 1007 1191 Epicurus
1039 1112 1177 1176 obit
1209 1113 1486 1175 decurso
1517 1112 1765 1175 lumine
1800 1112 2001 1189 uitae,

497 1222 612 1299 qui
644 1243 850 1299 genus
881 1223 1252 1286 humanum·
1277 1222 1546 1300 ingenio
1575 1222 1926 1300 superauit
1957 1228 2023 1286 et
2054 1220 2265 1285 omnis

497 1331 825 1407 restinxit,
860 1333 1082 1394 stellas
1114 1339 1380 1395 exortus
1413 1338 1490 1395 ut
1523 1332 1746 1395 aerius
1774 1332 1889 1395 sol.

412 1445 572 1503 —tu
603 1461 764 1504 uero
790 1441 1126 1504 dubitabis
1154 1450 1218 1505 et
1248 1442 1679 1519 indignabere
1711 1441 1932 1504 obire?
2676 1436 2808 1485 1045

497 1556 759 1613 mortua
791 1551 899 1613 cui
928 1552 1074 1614 uita
1105 1557 1202 1613 est
1236 1572 1442 1629 prope
1474 1551 1607 1614 iam
1638 1550 1802 1613 uiuo
1831 1558 2029 1628 atque
2062 1549 2339 1626 uidenti,

497 1661 612 1737 qui
641 1681 868 1723 somno
896 1668 1154 1739 partem
1185 1659 1497 1724 maiorem
1530 1660 1815 1723 conteris
1849 1660 1997 1724 aeui

496 1777 561 1833 et
592 1770 881 1847 uigilans
908 1768 1277 1833 stertis'nec
1309 1770 1562 1834 somnia
1589 1790 1856 1833 cernere
1888 1790 2099 1833 cessas

496 1880 971 1958 sollicitamque
1005 1880 1178 1958 geris
1211 1901 1392 1943 cassa
1426 1879 1785 1943 formidine
1816 1886 2100 1943 mentem

497 2010 614 2052 nec
647 1989 938 2069 reperire
973 1997 1157 2068 potes
1188 1990 1313 2052 tibi
1345 1988 1508 2066 quid
1538 1989 1627 2051 sit
1658 2008 1851 2067 saepe
1883 1988 2062 2065 mali,
2094 2009 2242 2051 cum
2512 1984 2518 1991 ’
2675 1984 2808 2034 1050

498 2100 717 2163 ebrius
750 2100 1009 2177 urgeris
1041 2099 1270 2162 multis
1303 2099 1500 2162 miser
1533 2098 1831 2175 undique
1865 2097 2042 2161 curis

498 2215 695 2286 atque
729 2209 932 2271 animi
967 2209 1218 2271 incerto
1253 2208 1523 2271 fluitans
1559 2228 1779 2271 errore
1809 2207 2130 2287 uagaris.'

624 2404 695 2467 Si
732 2411 994 2482 possent
1029 2405 1339 2480 homineS‚
1379 2404 1657 2482 proinde
1693 2425 1767 2467 ac
1803 2403 2047 2466 sentire
2080 2404 2399 2466 uidentur

496 2515 758 2592 pondus
791 2514 996 2577 inesse
1030 2515 1250 2578 animo
1280 2515 1456 2592 quod
1489 2534 1556 2576 se
1589 2513 1923 2592 grauitate
1958 2513 2218 2592 fatiget,

498 2632 540 2687 e'
566 2623 805 2701 quibus
836 2624 904 2685 id
938 2624 1056 2687 fiat
1087 2624 1303 2687 causis
1333 2644 1590 2701 quoque
1624 2643 1888 2686 noscere
1922 2630 1986 2686 et
2020 2624 2197 2685 unde
2677 2619 2811 2668 1055

497 2740 690 2796 tanta
717 2733 876 2796 mali
907 2741 1243 2810 tamquam
1274 2735 1476 2796 moles
1506 2733 1576 2795 in
1611 2739 1872 2811 pectore
1904 2738 2173 2808 constet,

496 2844 660 2906 haut
692 2842 788 2905 ita
813 2843 1024 2906 uitam
1054 2851 1344 2920 agerent,
1372 2849 1451 2906 ut
1478 2864 1657 2905 nunc
1689 2843 2077 2921 plerumque
2106 2841 2411 2904 uidemus

498 2952 660 3029 quid
691 2952 815 3014 sibi
848 2952 1121 3030 quisque
1153 2953 1319 3015 uelit
1350 2953 1601 3015 nescire
1633 2959 1699 3015 et
1732 2972 2044 3029 quaerere
2076 2971 2331 3029 semper

497 3069 897 3126 commutare
928 3053 1141 3124 locum
1176 3062 1364 3138 quasi
1399 3082 1564 3124 onus
1598 3063 1925 3140 deponere
1959 3061 2181 3139 possit.

499 3172 632 3234 exit
663 3191 854 3249 saepe
885 3171 1066 3234 foras
1095 3171 1353 3249 magnis
1383 3191 1463 3232 ex
1494 3171 1767 3234 aedibus
1797 3170 1927 3247 ille,
2676 3166 2811 3215 1060

497 3302 630 3345 esse
669 3281 845 3343 domi
885 3302 1003 3358 per
1041 3301 1232 3357 quem
1272 3287 1609 3357 taesumst‚
1650 3279 1997 3357 subitoque
2046 3279 2541 3356 <remigrat>‚

497 3391 744 3469 quippe
777 3390 943 3454 foris
973 3391 1184 3453 nihilo
1212 3390 1445 3454 melius
1476 3391 1590 3468 qui
1622 3390 1867 3453 sentiat
1897 3410 2049 3453 esse.

497 3501 709 3563 currit
743 3522 942 3578 agens
972 3521 1246 3564 mannos
1281 3502 1364 3564 ad
1397 3501 1629 3563 uillam
1660 3499 2201 3578 praecipit-antem

499 3610 820 3672 auxilium
854 3609 1046 3673 tectis
1082 3610 1270 3688 quasi
1307 3609 1484 3673 ferre
1521 3609 1910 3673 ardentibus
1946 3609 2200 3671 instans
2221 3633 2258 3684 ;-

497 3719 731 3782 oscitat
760 3721 1102 3796 extemplo,
1133 3719 1356 3797 tetigit
1386 3741 1534 3782 cum
1561 3719 1795 3782 limina
1820 3719 2040 3793 uillae,
2674 3713 2808 3776 1065

498 3835 616 3891 aut
647 3829 783 3891 abit
814 3828 884 3889 in
913 3849 1210 3890 somnum
1243 3828 1468 3906 grauis
1501 3836 1698 3904 atque
1731 3827 1976 3890 obliuia
2008 3824 2287 3904 quaerit,
2533 3818 2539 3826 ’

486 3961 622 4009 1044
641 3960 786 4020 vuly.
821 3960 1109 4010 aetherius

493 4029 625 4078 1061
647 4028 792 4088 vuly.
831 4027 1057 4077 revertit

1487 4135 1633 4186 [116]
