<?xml version="1.0" encoding="UTF-8"?>
<!DOCTYPE html PUBLIC "-//W3C//DTD XHTML 1.0 Transitional//EN"
    "http://www.w3.org/TR/xhtml1/DTD/xhtml1-transitional.dtd">
<html xmlns="http://www.w3.org/1999/xhtml" xml:lang="en" lang="en">
 <head>
  <title>
</title>
<meta http-equiv="Content-Type" content="text/html;charset=utf-8" />
  <meta name='ocr-system' content='tesseract 3.04.00' />
  <meta name='ocr-capabilities' content='ocr_page ocr_carea ocr_par ocr_line ocrx_word'/>
</head>
<body>
  <div class='ocr_page' id='page_1' title='image "./lvcretiderervmn00unkngoog_0076.png"; bbox 0 0 3182 4602; ppageno 0'>
   <div class='ocr_carea' id='block_1_1' title="bbox 1151 425 1791 476">
    <p class='ocr_par' dir='ltr' id='par_1_1' title="bbox 1151 425 1791 476">
     <span class='ocr_line' id='line_1_1' title="bbox 1151 425 1791 476; baseline 0.002 -3"><span class='ocrx_word' id='word_1_1' title='bbox 1151 425 1212 474; x_wconf 80' lang='lat' dir='ltr'>T.</span> <span class='ocrx_word' id='word_1_2' title='bbox 1250 425 1491 475; x_wconf 78' lang='lat' dir='ltr'><strong><em>LVGRE</em></strong></span> <span class='ocrx_word' id='word_1_3' title='bbox 1497 425 1576 474; x_wconf 83' lang='lat' dir='ltr'>TI</span> <span class='ocrx_word' id='word_1_4' title='bbox 1613 425 1791 476; x_wconf 76' lang='lat' dir='ltr'><strong><em>CARI</em></strong></span> 
     </span>
    </p>
   </div>
   <div class='ocr_carea' id='block_1_2' title="bbox 380 638 2178 1815">
    <p class='ocr_par' dir='ltr' id='par_1_2' title="bbox 404 638 2178 825">
     <span class='ocr_line' id='line_1_2' title="bbox 404 638 2178 718; baseline 0.001 -18"><span class='ocrx_word' id='word_1_5' title='bbox 404 656 571 714; x_wconf 83' lang='lat' dir='ltr'>quos</span> <span class='ocrx_word' id='word_1_6' title='bbox 603 644 967 702; x_wconf 90' lang='lat' dir='ltr'>memorant</span> <span class='ocrx_word' id='word_1_7' title='bbox 1000 638 1343 717; x_wconf 82' lang='lat' dir='ltr'>Phrygios,</span> <span class='ocrx_word' id='word_1_8' title='bbox 1389 639 1655 718; x_wconf 91' lang='lat' dir='ltr'>&lt;qui&gt;</span> <span class='ocrx_word' id='word_1_9' title='bbox 1697 639 1873 703; x_wconf 91' lang='lat' dir='ltr'>inter</span> <span class='ocrx_word' id='word_1_10' title='bbox 1903 659 1969 702; x_wconf 88' lang='lat' dir='ltr'>se</span> <span class='ocrx_word' id='word_1_11' title='bbox 2002 639 2178 703; x_wconf 83' lang='lat' dir='ltr'>forte</span> 
     </span>
     <span class='ocr_line' id='line_1_3' title="bbox 543 754 1037 825; baseline 0 -15"><span class='ocrx_word' id='word_1_12' title='bbox 543 754 1037 825; x_wconf 89' lang='lat' dir='ltr'>&lt;crepantes&gt;</span> 
     </span>
    </p>

    <p class='ocr_par' dir='ltr' id='par_1_3' title="bbox 408 857 2128 937">
     <span class='ocr_line' id='line_1_4' title="bbox 408 857 2128 937; baseline 0.001 -19"><span class='ocrx_word' id='word_1_13' title='bbox 408 857 653 919; x_wconf 91' lang='lat' dir='ltr'>ludunt</span> <span class='ocrx_word' id='word_1_14' title='bbox 686 857 757 918; x_wconf 92' lang='lat' dir='ltr'>in</span> <span class='ocrx_word' id='word_1_15' title='bbox 788 877 1266 935; x_wconf 80' lang='lat' dir='ltr'>numerumque</span> <span class='ocrx_word' id='word_1_16' title='bbox 1299 859 1607 922; x_wconf 86' lang='lat' dir='ltr'>exultant</span> <span class='ocrx_word' id='word_1_17' title='bbox 1636 857 1956 937; x_wconf 84' lang='lat' dir='ltr'>sanguine</span> <span class='ocrx_word' id='word_1_18' title='bbox 1989 857 2128 920; x_wconf 89' lang='lat' dir='ltr'>fleti</span> 
     </span>
    </p>

    <p class='ocr_par' dir='ltr' id='par_1_4' title="bbox 406 966 2053 1045">
     <span class='ocr_line' id='line_1_5' title="bbox 406 966 2053 1045; baseline 0.002 -18"><span class='ocrx_word' id='word_1_19' title='bbox 406 966 729 1030; x_wconf 89' lang='lat' dir='ltr'>terrificas</span> <span class='ocrx_word' id='word_1_20' title='bbox 763 967 1058 1045; x_wconf 89' lang='lat' dir='ltr'>capitum</span> <span class='ocrx_word' id='word_1_21' title='bbox 1090 967 1464 1045; x_wconf 83' lang='lat' dir='ltr'>quatientes</span> <span class='ocrx_word' id='word_1_22' title='bbox 1495 968 1767 1031; x_wconf 90' lang='lat' dir='ltr'>numine</span> <span class='ocrx_word' id='word_1_23' title='bbox 1801 968 2053 1045; x_wconf 87' lang='lat' dir='ltr'>cristas,</span> 
     </span>
    </p>

    <p class='ocr_par' dir='ltr' id='par_1_5' title="bbox 407 1075 1946 1156">
     <span class='ocr_line' id='line_1_6' title="bbox 407 1075 1946 1156; baseline 0.001 -18"><span class='ocrx_word' id='word_1_24' title='bbox 407 1075 717 1140; x_wconf 90' lang='lat' dir='ltr'>Dictaeos</span> <span class='ocrx_word' id='word_1_25' title='bbox 746 1077 1051 1141; x_wconf 84' lang='lat' dir='ltr'>referunt</span> <span class='ocrx_word' id='word_1_26' title='bbox 1084 1077 1363 1142; x_wconf 84' lang='lat' dir='ltr'>Curetas</span> <span class='ocrx_word' id='word_1_27' title='bbox 1396 1077 1512 1156; x_wconf 90' lang='lat' dir='ltr'>qui</span> <span class='ocrx_word' id='word_1_28' title='bbox 1542 1077 1724 1141; x_wconf 92' lang='lat' dir='ltr'>Iouis</span> <span class='ocrx_word' id='word_1_29' title='bbox 1756 1078 1946 1140; x_wconf 88' lang='lat' dir='ltr'>illum</span> 
     </span>
    </p>

    <p class='ocr_par' dir='ltr' id='par_1_6' title="bbox 408 1187 2165 1266">
     <span class='ocr_line' id='line_1_7' title="bbox 408 1187 2165 1266; baseline 0.001 -17"><span class='ocrx_word' id='word_1_30' title='bbox 408 1187 711 1264; x_wconf 88' lang='lat' dir='ltr'>uagitum</span> <span class='ocrx_word' id='word_1_31' title='bbox 740 1187 811 1249; x_wconf 94' lang='lat' dir='ltr'>in</span> <span class='ocrx_word' id='word_1_32' title='bbox 846 1187 1047 1251; x_wconf 89' lang='lat' dir='ltr'>Creta</span> <span class='ocrx_word' id='word_1_33' title='bbox 1076 1189 1408 1265; x_wconf 89' lang='lat' dir='ltr'>quondam</span> <span class='ocrx_word' id='word_1_34' title='bbox 1440 1188 1797 1251; x_wconf 78' lang='lat' dir='ltr'>occultasse</span> <span class='ocrx_word' id='word_1_35' title='bbox 1829 1187 2165 1266; x_wconf 88' lang='lat' dir='ltr'>feruntur,</span> 
     </span>
    </p>

    <p class='ocr_par' dir='ltr' id='par_1_7' title="bbox 408 1296 1923 1377">
     <span class='ocr_line' id='line_1_8' title="bbox 408 1296 1923 1377; baseline 0.001 -18"><span class='ocrx_word' id='word_1_36' title='bbox 408 1316 556 1359; x_wconf 92' lang='lat' dir='ltr'>cum</span> <span class='ocrx_word' id='word_1_37' title='bbox 586 1297 778 1376; x_wconf 92' lang='lat' dir='ltr'>pueri</span> <span class='ocrx_word' id='word_1_38' title='bbox 806 1296 1054 1360; x_wconf 91' lang='lat' dir='ltr'>circum</span> <span class='ocrx_word' id='word_1_39' title='bbox 1083 1318 1365 1377; x_wconf 90' lang='lat' dir='ltr'>puerum</span> <span class='ocrx_word' id='word_1_40' title='bbox 1394 1297 1659 1376; x_wconf 83' lang='lat' dir='ltr'>pernice</span> <span class='ocrx_word' id='word_1_41' title='bbox 1690 1299 1923 1361; x_wconf 92' lang='lat' dir='ltr'>chorea</span> 
     </span>
    </p>

    <p class='ocr_par' dir='ltr' id='par_1_8' title="bbox 380 1405 1793 1486">
     <span class='ocr_line' id='line_1_9' title="bbox 380 1405 1793 1486; baseline 0.001 -17"><span class='ocrx_word' id='word_1_42' title='bbox 380 1405 624 1484; x_wconf 90' lang='lat' dir='ltr'>[armat</span> <span class='ocrx_word' id='word_1_43' title='bbox 655 1413 721 1471; x_wconf 89' lang='lat' dir='ltr'>et</span> <span class='ocrx_word' id='word_1_44' title='bbox 751 1406 822 1468; x_wconf 92' lang='lat' dir='ltr'>in</span> <span class='ocrx_word' id='word_1_45' title='bbox 851 1428 1201 1471; x_wconf 90' lang='lat' dir='ltr'>numerum</span> <span class='ocrx_word' id='word_1_46' title='bbox 1233 1408 1498 1486; x_wconf 87' lang='lat' dir='ltr'>pernice</span> <span class='ocrx_word' id='word_1_47' title='bbox 1531 1407 1793 1486; x_wconf 90' lang='lat' dir='ltr'>chorea]</span> 
     </span>
    </p>

    <p class='ocr_par' dir='ltr' id='par_1_9' title="bbox 407 1516 2044 1596">
     <span class='ocr_line' id='line_1_10' title="bbox 407 1516 2044 1596; baseline 0.002 -18"><span class='ocrx_word' id='word_1_48' title='bbox 407 1516 685 1580; x_wconf 89' lang='lat' dir='ltr'>armatei</span> <span class='ocrx_word' id='word_1_49' title='bbox 717 1516 788 1578; x_wconf 91' lang='lat' dir='ltr'>in</span> <span class='ocrx_word' id='word_1_50' title='bbox 819 1537 1169 1580; x_wconf 89' lang='lat' dir='ltr'>numerum</span> <span class='ocrx_word' id='word_1_51' title='bbox 1201 1518 1548 1596; x_wconf 85' lang='lat' dir='ltr'>pulsarent</span> <span class='ocrx_word' id='word_1_52' title='bbox 1577 1518 1841 1580; x_wconf 88' lang='lat' dir='ltr'>aeribus</span> <span class='ocrx_word' id='word_1_53' title='bbox 1872 1538 2044 1595; x_wconf 89' lang='lat' dir='ltr'>aera,</span> 
     </span>
    </p>

    <p class='ocr_par' dir='ltr' id='par_1_10' title="bbox 405 1625 1947 1712">
     <span class='ocr_line' id='line_1_11' title="bbox 405 1625 1947 1712; baseline 0.002 -24"><span class='ocrx_word' id='word_1_54' title='bbox 405 1647 487 1690; x_wconf 92' lang='lat' dir='ltr'>ne</span> <span class='ocrx_word' id='word_1_55' title='bbox 520 1625 854 1712; x_wconf 87' lang='lat' dir='ltr'>Saturnus</span> <span class='ocrx_word' id='word_1_56' title='bbox 884 1648 1033 1691; x_wconf 90' lang='lat' dir='ltr'>eum</span> <span class='ocrx_word' id='word_1_57' title='bbox 1063 1627 1253 1689; x_wconf 89' lang='lat' dir='ltr'>malis</span> <span class='ocrx_word' id='word_1_58' title='bbox 1284 1628 1632 1691; x_wconf 84' lang='lat' dir='ltr'>mandaret</span> <span class='ocrx_word' id='word_1_59' title='bbox 1664 1628 1947 1706; x_wconf 89' lang='lat' dir='ltr'>adeptus</span> 
     </span>
    </p>

    <p class='ocr_par' dir='ltr' id='par_1_11' title="bbox 407 1737 2065 1815">
     <span class='ocr_line' id='line_1_12' title="bbox 407 1737 2065 1815; baseline 0.001 -17"><span class='ocrx_word' id='word_1_60' title='bbox 407 1742 876 1814; x_wconf 90' lang='lat' dir='ltr'>aeternumque</span> <span class='ocrx_word' id='word_1_61' title='bbox 909 1737 1100 1800; x_wconf 86' lang='lat' dir='ltr'>daret</span> <span class='ocrx_word' id='word_1_62' title='bbox 1130 1737 1330 1800; x_wconf 87' lang='lat' dir='ltr'>matri</span> <span class='ocrx_word' id='word_1_63' title='bbox 1362 1739 1483 1800; x_wconf 91' lang='lat' dir='ltr'>sub</span> <span class='ocrx_word' id='word_1_64' title='bbox 1514 1743 1777 1815; x_wconf 87' lang='lat' dir='ltr'>pectore</span> <span class='ocrx_word' id='word_1_65' title='bbox 1806 1738 2065 1800; x_wconf 89' lang='lat' dir='ltr'>uolnus.</span> 
     </span>
    </p>
   </div>
   <div class='ocr_carea' id='block_1_3' title="bbox 403 1836 2238 1925">
    <p class='ocr_par' dir='ltr' id='par_1_12' title="bbox 403 1836 2238 1925">
     <span class='ocr_line' id='line_1_13' title="bbox 403 1836 2238 1925; baseline 0.001 -18"><span class='ocrx_word' id='word_1_66' title='bbox 403 1852 760 1924; x_wconf 81' lang='lat' dir='ltr'>propterea</span> <span class='ocrx_word' id='word_1_67' title='bbox 794 1866 1103 1924; x_wconf 81' lang='lat' dir='ltr'>magnam</span> <span class='ocrx_word' id='word_1_68' title='bbox 1136 1847 1377 1910; x_wconf 91' lang='lat' dir='ltr'>armati</span> <span class='ocrx_word' id='word_1_69' title='bbox 1411 1836 1691 1914; x_wconf 90' lang='lat' dir='ltr'>matrem</span> <span class='ocrx_word' id='word_1_70' title='bbox 1726 1847 2146 1925; x_wconf 89' lang='lat' dir='ltr'>comitantur,</span> <span class='ocrx_word' id='word_1_71' title='bbox 2233 1877 2238 1883; x_wconf 92' lang='lat'>·</span> 
     </span>
    </p>
   </div>
   <div class='ocr_carea' id='block_1_4' title="bbox 325 1956 2159 2365">
    <p class='ocr_par' dir='ltr' id='par_1_13' title="bbox 407 1956 2124 2035">
     <span class='ocr_line' id='line_1_14' title="bbox 407 1956 2124 2035; baseline 0 -17"><span class='ocrx_word' id='word_1_72' title='bbox 407 1962 523 2018; x_wconf 90' lang='lat' dir='ltr'>aut</span> <span class='ocrx_word' id='word_1_73' title='bbox 556 1956 712 2034; x_wconf 90' lang='lat' dir='ltr'>quia</span> <span class='ocrx_word' id='word_1_74' title='bbox 741 1956 1118 2034; x_wconf 82' lang='lat' dir='ltr'>significant</span> <span class='ocrx_word' id='word_1_75' title='bbox 1149 1957 1375 2020; x_wconf 90' lang='lat' dir='ltr'>diuam</span> <span class='ocrx_word' id='word_1_76' title='bbox 1406 1957 1785 2035; x_wconf 88' lang='lat' dir='ltr'>praedicere</span> <span class='ocrx_word' id='word_1_77' title='bbox 1814 1963 1893 2021; x_wconf 90' lang='lat' dir='ltr'>ut</span> <span class='ocrx_word' id='word_1_78' title='bbox 1924 1957 2124 2020; x_wconf 88' lang='lat' dir='ltr'>armis</span> 
     </span>
    </p>

    <p class='ocr_par' dir='ltr' id='par_1_14' title="bbox 407 2065 2002 2145">
     <span class='ocr_line' id='line_1_15' title="bbox 407 2065 2002 2145; baseline 0.001 -17"><span class='ocrx_word' id='word_1_79' title='bbox 407 2086 481 2128; x_wconf 91' lang='lat' dir='ltr'>ac</span> <span class='ocrx_word' id='word_1_80' title='bbox 509 2066 766 2130; x_wconf 90' lang='lat' dir='ltr'>uirtute</span> <span class='ocrx_word' id='word_1_81' title='bbox 796 2065 1010 2130; x_wconf 90' lang='lat' dir='ltr'>uelint</span> <span class='ocrx_word' id='word_1_82' title='bbox 1042 2067 1331 2145; x_wconf 91' lang='lat' dir='ltr'>patriam</span> <span class='ocrx_word' id='word_1_83' title='bbox 1357 2066 1723 2131; x_wconf 87' lang='lat' dir='ltr'>defendere</span> <span class='ocrx_word' id='word_1_84' title='bbox 1752 2073 2002 2130; x_wconf 88' lang='lat' dir='ltr'>terram</span> 
     </span>
    </p>

    <p class='ocr_par' dir='ltr' id='par_1_15' title="bbox 325 2175 2159 2365">
     <span class='ocr_line' id='line_1_16' title="bbox 408 2175 2133 2255; baseline 0.001 -18"><span class='ocrx_word' id='word_1_85' title='bbox 408 2175 866 2253; x_wconf 90' lang='lat' dir='ltr'>praesidioque</span> <span class='ocrx_word' id='word_1_86' title='bbox 900 2183 1140 2253; x_wconf 88' lang='lat' dir='ltr'>parent</span> <span class='ocrx_word' id='word_1_87' title='bbox 1172 2175 1521 2254; x_wconf 89' lang='lat' dir='ltr'>decorique</span> <span class='ocrx_word' id='word_1_88' title='bbox 1555 2176 1946 2255; x_wconf 88' lang='lat' dir='ltr'>parentibus</span> <span class='ocrx_word' id='word_1_89' title='bbox 1980 2196 2133 2240; x_wconf 89' lang='lat' dir='ltr'>esse.</span> 
     </span>
     <span class='ocr_line' id='line_1_17' title="bbox 325 2285 2159 2365; baseline 0.001 -16"><span class='ocrx_word' id='word_1_90' title='bbox 325 2307 573 2365; x_wconf 80' lang='lat' dir='ltr'>—quae</span> <span class='ocrx_word' id='word_1_91' title='bbox 604 2286 768 2350; x_wconf 92' lang='lat' dir='ltr'>bene</span> <span class='ocrx_word' id='word_1_92' title='bbox 801 2292 865 2350; x_wconf 90' lang='lat' dir='ltr'>et</span> <span class='ocrx_word' id='word_1_93' title='bbox 897 2285 1131 2351; x_wconf 87' lang='lat' dir='ltr'>eximie</span> <span class='ocrx_word' id='word_1_94' title='bbox 1163 2285 1470 2365; x_wconf 92' lang='lat' dir='ltr'>quamuis</span> <span class='ocrx_word' id='word_1_95' title='bbox 1500 2285 1796 2365; x_wconf 88' lang='lat' dir='ltr'>disposta</span> <span class='ocrx_word' id='word_1_96' title='bbox 1829 2285 2159 2365; x_wconf 87' lang='lat' dir='ltr'>ferantur,</span> 
     </span>
    </p>
   </div>
   <div class='ocr_carea' id='block_1_5' title="bbox 406 2396 2068 2553">
    <p class='ocr_par' dir='ltr' id='par_1_16' title="bbox 406 2396 2068 2553">
     <span class='ocr_line' id='line_1_18' title="bbox 406 2396 1905 2475; baseline 0.001 -17"><span class='ocrx_word' id='word_1_97' title='bbox 406 2396 596 2475; x_wconf 86' lang='lat' dir='ltr'>longe</span> <span class='ocrx_word' id='word_1_98' title='bbox 627 2403 786 2459; x_wconf 91' lang='lat' dir='ltr'>sunt</span> <span class='ocrx_word' id='word_1_99' title='bbox 815 2402 1038 2459; x_wconf 90' lang='lat' dir='ltr'>tamen</span> <span class='ocrx_word' id='word_1_100' title='bbox 1071 2417 1112 2459; x_wconf 89' lang='lat' dir='ltr'>a</span> <span class='ocrx_word' id='word_1_101' title='bbox 1137 2416 1303 2459; x_wconf 89' lang='lat' dir='ltr'>uera</span> <span class='ocrx_word' id='word_1_102' title='bbox 1332 2396 1587 2459; x_wconf 90' lang='lat' dir='ltr'>ratione</span> <span class='ocrx_word' id='word_1_103' title='bbox 1619 2398 1905 2474; x_wconf 87' lang='lat' dir='ltr'>repulsa.</span> 
     </span>
     <span class='ocr_line' id='line_1_19' title="bbox 869 2502 2068 2553; baseline 0 0"><span class='ocrx_word' id='word_1_104' title='bbox 869 2502 964 2553; x_wconf 82' lang='grc' dir='ltr'>ΤΟ</span> <span class='ocrx_word' id='word_1_105' title='bbox 1009 2502 1431 2553; x_wconf 83' lang='grc' dir='ltr'><strong>ΜΑΚΑΒΙΟΝ</strong></span> <span class='ocrx_word' id='word_1_106' title='bbox 1476 2502 1621 2552; x_wconf 85' lang='grc' dir='ltr'>ΚΑΙ</span> <span class='ocrx_word' id='word_1_107' title='bbox 1664 2502 2068 2553; x_wconf 82' lang='grc' dir='ltr'><strong>ΑΦΘΑΡΤΟΝ</strong></span> 
     </span>
    </p>
   </div>
   <div class='ocr_carea' id='block_1_6' title="bbox 322 2590 2215 3971">
    <p class='ocr_par' dir='ltr' id='par_1_17' title="bbox 322 2590 2155 3218">
     <span class='ocr_line' id='line_1_20' title="bbox 322 2590 1931 2670; baseline 0.001 -17"><span class='ocrx_word' id='word_1_108' title='bbox 322 2590 618 2653; x_wconf 91' lang='lat' dir='ltr'>—omnis</span> <span class='ocrx_word' id='word_1_109' title='bbox 641 2590 816 2654; x_wconf 90' lang='lat' dir='ltr'>enim</span> <span class='ocrx_word' id='word_1_110' title='bbox 843 2612 964 2670; x_wconf 89' lang='lat' dir='ltr'>per</span> <span class='ocrx_word' id='word_1_111' title='bbox 989 2611 1056 2653; x_wconf 91' lang='lat' dir='ltr'>se</span> <span class='ocrx_word' id='word_1_112' title='bbox 1084 2591 1307 2655; x_wconf 88' lang='lat' dir='ltr'>diuom</span> <span class='ocrx_word' id='word_1_113' title='bbox 1336 2598 1581 2655; x_wconf 92' lang='lat' dir='ltr'>natura</span> <span class='ocrx_word' id='word_1_114' title='bbox 1610 2598 1931 2655; x_wconf 90' lang='lat' dir='ltr'>necessest</span> 
     </span>
     <span class='ocr_line' id='line_1_21' title="bbox 405 2700 1921 2780; baseline 0.002 -19"><span class='ocrx_word' id='word_1_115' title='bbox 405 2700 761 2764; x_wconf 89' lang='lat' dir='ltr'>immortali</span> <span class='ocrx_word' id='word_1_116' title='bbox 794 2721 959 2765; x_wconf 89' lang='lat' dir='ltr'>aeuo</span> <span class='ocrx_word' id='word_1_117' title='bbox 986 2722 1240 2765; x_wconf 91' lang='lat' dir='ltr'>summa</span> <span class='ocrx_word' id='word_1_118' title='bbox 1271 2722 1420 2765; x_wconf 92' lang='lat' dir='ltr'>cum</span> <span class='ocrx_word' id='word_1_119' title='bbox 1453 2721 1614 2780; x_wconf 90' lang='lat' dir='ltr'>pace</span> <span class='ocrx_word' id='word_1_120' title='bbox 1646 2701 1921 2764; x_wconf 82' lang='lat' dir='ltr'>fruatur</span> 
     </span>
     <span class='ocr_line' id='line_1_22' title="bbox 404 2811 1992 2889; baseline 0.001 -16"><span class='ocrx_word' id='word_1_121' title='bbox 404 2816 654 2875; x_wconf 88' lang='lat' dir='ltr'>semota</span> <span class='ocrx_word' id='word_1_122' title='bbox 684 2811 767 2873; x_wconf 90' lang='lat' dir='ltr'>ab</span> <span class='ocrx_word' id='word_1_123' title='bbox 799 2811 1044 2873; x_wconf 89' lang='lat' dir='ltr'>nostris</span> <span class='ocrx_word' id='word_1_124' title='bbox 1075 2812 1273 2874; x_wconf 88' lang='lat' dir='ltr'>rebus</span> <span class='ocrx_word' id='word_1_125' title='bbox 1304 2812 1732 2889; x_wconf 86' lang='lat' dir='ltr'>seiunctaque</span> <span class='ocrx_word' id='word_1_126' title='bbox 1766 2813 1992 2889; x_wconf 81' lang='lat' dir='ltr'>longe3</span> 
     </span>
     <span class='ocr_line' id='line_1_23' title="bbox 403 2920 1947 3000; baseline 0.001 -18"><span class='ocrx_word' id='word_1_127' title='bbox 403 2940 559 2983; x_wconf 74' lang='lat' dir='ltr'>‘nam</span> <span class='ocrx_word' id='word_1_128' title='bbox 587 2920 858 3000; x_wconf 90' lang='lat' dir='ltr'>priuata</span> <span class='ocrx_word' id='word_1_129' title='bbox 884 2920 1106 2983; x_wconf 89' lang='lat' dir='ltr'>dolore</span> <span class='ocrx_word' id='word_1_130' title='bbox 1136 2920 1332 2997; x_wconf 92' lang='lat' dir='ltr'>omni,</span> <span class='ocrx_word' id='word_1_131' title='bbox 1363 2920 1635 2998; x_wconf 90' lang='lat' dir='ltr'>priuata</span> <span class='ocrx_word' id='word_1_132' title='bbox 1663 2920 1947 2999; x_wconf 77' lang='lat' dir='ltr'>pericliS‚</span> 
     </span>
     <span class='ocr_line' id='line_1_24' title="bbox 405 3029 1939 3108; baseline 0 -17"><span class='ocrx_word' id='word_1_133' title='bbox 405 3030 550 3108; x_wconf 90' lang='lat' dir='ltr'>ipsa</span> <span class='ocrx_word' id='word_1_134' title='bbox 581 3029 718 3094; x_wconf 90' lang='lat' dir='ltr'>suis</span> <span class='ocrx_word' id='word_1_135' title='bbox 748 3030 1002 3108; x_wconf 91' lang='lat' dir='ltr'>pollens</span> <span class='ocrx_word' id='word_1_136' title='bbox 1033 3030 1285 3108; x_wconf 78' lang='lat' dir='ltr'>opibuS,</span> <span class='ocrx_word' id='word_1_137' title='bbox 1319 3030 1418 3092; x_wconf 88' lang='lat' dir='ltr'>nil</span> <span class='ocrx_word' id='word_1_138' title='bbox 1447 3030 1679 3108; x_wconf 81' lang='lat' dir='ltr'>indiga</span> <span class='ocrx_word' id='word_1_139' title='bbox 1709 3030 1939 3106; x_wconf 89' lang='lat' dir='ltr'>nostri,</span> 
     </span>
     <span class='ocr_line' id='line_1_25' title="bbox 404 3138 2155 3218; baseline 0.001 -16"><span class='ocrx_word' id='word_1_140' title='bbox 404 3160 522 3202; x_wconf 92' lang='lat' dir='ltr'>nec</span> <span class='ocrx_word' id='word_1_141' title='bbox 552 3140 716 3202; x_wconf 92' lang='lat' dir='ltr'>bene</span> <span class='ocrx_word' id='word_1_142' title='bbox 749 3139 1128 3217; x_wconf 91' lang='lat' dir='ltr'>promeritis</span> <span class='ocrx_word' id='word_1_143' title='bbox 1158 3138 1424 3218; x_wconf 90' lang='lat' dir='ltr'>capitur</span> <span class='ocrx_word' id='word_1_144' title='bbox 1456 3159 1667 3217; x_wconf 92' lang='lat' dir='ltr'>neque</span> <span class='ocrx_word' id='word_1_145' title='bbox 1699 3139 2004 3217; x_wconf 81' lang='lat' dir='ltr'>tangitur</span> <span class='ocrx_word' id='word_1_146' title='bbox 2034 3139 2155 3203; x_wconf 94' lang='lat' dir='ltr'>ira.</span> 
     </span>
    </p>

    <p class='ocr_par' dir='ltr' id='par_1_18' title="bbox 323 3249 2063 3532">
     <span class='ocr_line' id='line_1_26' title="bbox 323 3249 2063 3327; baseline 0 -15"><span class='ocrx_word' id='word_1_147' title='bbox 323 3256 585 3313; x_wconf 88' lang='lat' dir='ltr'>—terra</span> <span class='ocrx_word' id='word_1_148' title='bbox 617 3249 885 3327; x_wconf 91' lang='lat' dir='ltr'>quidem</span> <span class='ocrx_word' id='word_1_149' title='bbox 915 3269 1076 3313; x_wconf 92' lang='lat' dir='ltr'>uero</span> <span class='ocrx_word' id='word_1_150' title='bbox 1106 3256 1286 3313; x_wconf 90' lang='lat' dir='ltr'>caret</span> <span class='ocrx_word' id='word_1_151' title='bbox 1318 3250 1495 3312; x_wconf 92' lang='lat' dir='ltr'>omni</span> <span class='ocrx_word' id='word_1_152' title='bbox 1524 3254 1819 3327; x_wconf 88' lang='lat' dir='ltr'>tempore</span> <span class='ocrx_word' id='word_1_153' title='bbox 1850 3269 2063 3326; x_wconf 91' lang='lat' dir='ltr'>sensu,</span> 
     </span>
     <span class='ocr_line' id='line_1_27' title="bbox 405 3358 2010 3437; baseline 0 -16"><span class='ocrx_word' id='word_1_154' title='bbox 405 3367 468 3423; x_wconf 86' lang='lat' dir='ltr'>et</span> <span class='ocrx_word' id='word_1_155' title='bbox 499 3360 656 3437; x_wconf 90' lang='lat' dir='ltr'>quia</span> <span class='ocrx_word' id='word_1_156' title='bbox 687 3360 1050 3423; x_wconf 90' lang='lat' dir='ltr'>multarum</span> <span class='ocrx_word' id='word_1_157' title='bbox 1082 3358 1339 3437; x_wconf 91' lang='lat' dir='ltr'>potitur</span> <span class='ocrx_word' id='word_1_158' title='bbox 1371 3358 1741 3437; x_wconf 88' lang='lat' dir='ltr'>primordia</span> <span class='ocrx_word' id='word_1_159' title='bbox 1768 3379 2010 3437; x_wconf 90' lang='lat' dir='ltr'>rerum,</span> 
     </span>
     <span class='ocr_line' id='line_1_28' title="bbox 403 3467 1925 3532; baseline 0 -1"><span class='ocrx_word' id='word_1_160' title='bbox 403 3470 616 3532; x_wconf 89' lang='lat' dir='ltr'>multa</span> <span class='ocrx_word' id='word_1_161' title='bbox 644 3468 855 3531; x_wconf 92' lang='lat' dir='ltr'>modis</span> <span class='ocrx_word' id='word_1_162' title='bbox 884 3468 1112 3532; x_wconf 88' lang='lat' dir='ltr'>multis</span> <span class='ocrx_word' id='word_1_163' title='bbox 1143 3468 1334 3532; x_wconf 84' lang='lat' dir='ltr'>effert</span> <span class='ocrx_word' id='word_1_164' title='bbox 1365 3468 1436 3530; x_wconf 92' lang='lat' dir='ltr'>in</span> <span class='ocrx_word' id='word_1_165' title='bbox 1468 3467 1722 3531; x_wconf 90' lang='lat' dir='ltr'>lumina</span> <span class='ocrx_word' id='word_1_166' title='bbox 1752 3469 1925 3531; x_wconf 78' lang='lat' dir='ltr'>soliS.</span> 
     </span>
    </p>

    <p class='ocr_par' dir='ltr' id='par_1_19' title="bbox 324 3577 2215 3971">
     <span class='ocr_line' id='line_1_29' title="bbox 324 3577 2100 3656; baseline 0 -16"><span class='ocrx_word' id='word_1_167' title='bbox 324 3578 508 3642; x_wconf 76' lang='lat' dir='ltr'>—hic</span> <span class='ocrx_word' id='word_1_168' title='bbox 537 3577 747 3656; x_wconf 91' lang='lat' dir='ltr'>siquis</span> <span class='ocrx_word' id='word_1_169' title='bbox 773 3598 952 3642; x_wconf 91' lang='lat' dir='ltr'>mare</span> <span class='ocrx_word' id='word_1_170' title='bbox 980 3578 1368 3656; x_wconf 91' lang='lat' dir='ltr'>Neptunum</span> <span class='ocrx_word' id='word_1_171' title='bbox 1401 3578 1833 3655; x_wconf 86' lang='lat' dir='ltr'>Cereremque</span> <span class='ocrx_word' id='word_1_172' title='bbox 1864 3598 2100 3641; x_wconf 90' lang='lat' dir='ltr'>uocare</span> 
     </span>
     <span class='ocr_line' id='line_1_30' title="bbox 405 3687 1912 3765; baseline -0.001 -14"><span class='ocrx_word' id='word_1_173' title='bbox 405 3688 760 3751; x_wconf 88' lang='lat' dir='ltr'>constituet</span> <span class='ocrx_word' id='word_1_174' title='bbox 792 3687 1023 3765; x_wconf 81' lang='lat' dir='ltr'>fruges</span> <span class='ocrx_word' id='word_1_175' title='bbox 1055 3695 1119 3750; x_wconf 90' lang='lat' dir='ltr'>et</span> <span class='ocrx_word' id='word_1_176' title='bbox 1152 3688 1396 3751; x_wconf 89' lang='lat' dir='ltr'>Bacchi</span> <span class='ocrx_word' id='word_1_177' title='bbox 1428 3687 1690 3750; x_wconf 90' lang='lat' dir='ltr'>nomine</span> <span class='ocrx_word' id='word_1_178' title='bbox 1725 3687 1912 3751; x_wconf 89' lang='lat' dir='ltr'>abuti</span> 
     </span>
     <span class='ocr_line' id='line_1_31' title="bbox 404 3796 2215 3876; baseline 0.001 -17"><span class='ocrx_word' id='word_1_179' title='bbox 404 3798 653 3861; x_wconf 92' lang='lat' dir='ltr'>mauolt</span> <span class='ocrx_word' id='word_1_180' title='bbox 686 3818 885 3875; x_wconf 89' lang='lat' dir='ltr'>quam</span> <span class='ocrx_word' id='word_1_181' title='bbox 915 3796 1132 3860; x_wconf 89' lang='lat' dir='ltr'>laticis</span> <span class='ocrx_word' id='word_1_182' title='bbox 1162 3797 1510 3876; x_wconf 90' lang='lat' dir='ltr'>proprium</span> <span class='ocrx_word' id='word_1_183' title='bbox 1544 3796 1848 3875; x_wconf 87' lang='lat' dir='ltr'>proferre</span> <span class='ocrx_word' id='word_1_184' title='bbox 1881 3816 2215 3874; x_wconf 88' lang='lat' dir='ltr'>uocamen‚</span> 
     </span>
     <span class='ocr_line' id='line_1_32' title="bbox 405 3905 1983 3971; baseline -0.001 -3"><span class='ocrx_word' id='word_1_185' title='bbox 405 3908 834 3971; x_wconf 88' lang='lat' dir='ltr'>concedamus</span> <span class='ocrx_word' id='word_1_186' title='bbox 864 3913 942 3969; x_wconf 89' lang='lat' dir='ltr'>ut</span> <span class='ocrx_word' id='word_1_187' title='bbox 970 3906 1076 3969; x_wconf 89' lang='lat' dir='ltr'>hie</span> <span class='ocrx_word' id='word_1_188' title='bbox 1105 3913 1438 3970; x_wconf 90' lang='lat' dir='ltr'>terrarum</span> <span class='ocrx_word' id='word_1_189' title='bbox 1470 3905 1732 3970; x_wconf 88' lang='lat' dir='ltr'>dictitet</span> <span class='ocrx_word' id='word_1_190' title='bbox 1763 3906 1983 3969; x_wconf 93' lang='lat' dir='ltr'>orbem</span> 
     </span>
    </p>
   </div>
   <div class='ocr_carea' id='block_1_7' title="bbox 428 4036 1707 4167">
    <p class='ocr_par' dir='ltr' id='par_1_20' title="bbox 428 4036 1707 4167">
     <span class='ocr_line' id='line_1_33' title="bbox 428 4036 1707 4103; baseline 0.002 -16"><span class='ocrx_word' id='word_1_191' title='bbox 428 4038 527 4087; x_wconf 88' lang='grc'>630</span> <span class='ocrx_word' id='word_1_192' title='bbox 548 4038 693 4099; x_wconf 71' lang='lat' dir='ltr'><strong><em>vuly.</em></strong></span> <span class='ocrx_word' id='word_1_193' title='bbox 723 4036 995 4103; x_wconf 84' lang='lat' dir='ltr'>Phrygios</span> <span class='ocrx_word' id='word_1_194' title='bbox 1025 4037 1170 4088; x_wconf 89' lang='lat' dir='ltr'>inter</span> <span class='ocrx_word' id='word_1_195' title='bbox 1209 4075 1221 4088; x_wconf 91' lang='lat'><strong>.</strong></span> <span class='ocrx_word' id='word_1_196' title='bbox 1260 4075 1273 4087; x_wconf 90' lang='lat'><strong>.</strong></span> <span class='ocrx_word' id='word_1_197' title='bbox 1313 4075 1326 4088; x_wconf 94' lang='lat'><strong><em>.</em></strong></span> <span class='ocrx_word' id='word_1_198' title='bbox 1365 4038 1508 4102; x_wconf 89' lang='lat' dir='ltr'>quod</span> <span class='ocrx_word' id='word_1_199' title='bbox 1538 4038 1707 4089; x_wconf 88' lang='lat' dir='ltr'>armis</span> 
     </span>
     <span class='ocr_line' id='line_1_34' title="bbox 428 4104 858 4167; baseline 0 -13"><span class='ocrx_word' id='word_1_200' title='bbox 428 4105 526 4155; x_wconf 87' lang='grc'>631</span> <span class='ocrx_word' id='word_1_201' title='bbox 547 4106 692 4167; x_wconf 73' lang='grc' dir='ltr'><strong><em>υαῑρ.</em></strong></span> <span class='ocrx_word' id='word_1_202' title='bbox 722 4104 858 4156; x_wconf 87' lang='lat' dir='ltr'>laeti</span> 
     </span>
    </p>
   </div>
   <div class='ocr_carea' id='block_1_8' title="bbox 1411 4198 1524 4248">
    <p class='ocr_par' dir='ltr' id='par_1_21' title="bbox 1411 4198 1524 4248">
     <span class='ocr_line' id='line_1_35' title="bbox 1411 4198 1524 4248; baseline 0 0"><span class='ocrx_word' id='word_1_203' title='bbox 1411 4198 1524 4248; x_wconf 86' lang='lat'>[61]</span> 
     </span>
    </p>
   </div>
   <div class='ocr_carea' id='block_1_9' title="bbox 2508 744 2721 796">
    <p class='ocr_par' dir='ltr' id='par_1_22' title="bbox 2508 744 2721 796">
     <span class='ocr_line' id='line_1_36' title="bbox 2508 744 2721 796; baseline -0.014 0"><span class='ocrx_word' id='word_1_204' title='bbox 2508 790 2515 796; x_wconf 89' lang='lat'><strong>.</strong></span> <span class='ocrx_word' id='word_1_205' title='bbox 2618 744 2721 794; x_wconf 86' lang='grc'>630</span> 
     </span>
    </p>
   </div>
   <div class='ocr_carea' id='block_1_10' title="bbox 2619 1295 2722 1346">
    <p class='ocr_par' dir='ltr' id='par_1_23' title="bbox 2619 1295 2722 1346">
     <span class='ocr_line' id='line_1_37' title="bbox 2619 1295 2722 1346; baseline -0.019 0"><span class='ocrx_word' id='word_1_206' title='bbox 2619 1295 2722 1346; x_wconf 86' lang='grc'>635</span> 
     </span>
    </p>
   </div>
   <div class='ocr_carea' id='block_1_11' title="bbox 2618 1844 2721 1894">
    <p class='ocr_par' dir='ltr' id='par_1_24' title="bbox 2618 1844 2721 1894">
     <span class='ocr_line' id='line_1_38' title="bbox 2618 1844 2721 1894; baseline -0.01 0"><span class='ocrx_word' id='word_1_207' title='bbox 2618 1844 2721 1894; x_wconf 81' lang='grc'>640</span> 
     </span>
    </p>
   </div>
   <div class='ocr_carea' id='block_1_12' title="bbox 2617 2394 2721 2444">
    <p class='ocr_par' dir='ltr' id='par_1_25' title="bbox 2617 2394 2721 2444">
     <span class='ocr_line' id='line_1_39' title="bbox 2617 2394 2721 2444; baseline -0.01 0"><span class='ocrx_word' id='word_1_208' title='bbox 2617 2394 2721 2444; x_wconf 83' lang='grc'>645</span> 
     </span>
    </p>
   </div>
   <div class='ocr_carea' id='block_1_13' title="bbox 2616 3028 2719 3078">
    <p class='ocr_par' dir='ltr' id='par_1_26' title="bbox 2616 3028 2719 3078">
     <span class='ocr_line' id='line_1_40' title="bbox 2616 3028 2719 3078; baseline 0 0"><span class='ocrx_word' id='word_1_209' title='bbox 2616 3028 2719 3078; x_wconf 88' lang='grc'>650</span> 
     </span>
    </p>
   </div>
   <div class='ocr_carea' id='block_1_14' title="bbox 2614 3576 2718 3626">
    <p class='ocr_par' dir='ltr' id='par_1_27' title="bbox 2614 3576 2718 3626">
     <span class='ocr_line' id='line_1_41' title="bbox 2614 3576 2718 3626; baseline -0.01 0"><span class='ocrx_word' id='word_1_210' title='bbox 2614 3576 2718 3626; x_wconf 98' lang='grc'>655</span> 
     </span>
    </p>
   </div>
  </div>
 </body>
</html>
