3182 4602
1126 381 1229 431 DE
1266 381 1530 430 RERVM
1566 381 1878 430 NATVRA
1916 381 2002 430 IV

541 617 658 660 nec
690 597 888 659 dictis
920 616 1108 660 orare
1144 596 1333 675 prius
1369 616 1565 674 quam
1598 596 1830 674 lingua
1863 603 2167 673 creatast,

540 708 653 769 sed
686 707 908 784 potius
939 709 1130 785 longe
1161 707 1428 784 linguae
1461 705 1816 784 praecessit
1849 706 2034 784 origo

539 837 899 880 sermonem
929 818 1267 895 multoque
1298 822 1555 881 creatae
1584 824 1743 879 sunt
1774 816 1963 894 prius
1992 836 2185 879 aures

541 948 738 1005 quam
769 948 966 990 sonus
998 934 1094 990 est
1127 927 1416 1004 audituS,
1450 934 1515 989 et
1546 927 1765 990 omnia
1798 927 2079 1004 denique
2111 928 2401 990 membra

542 1045 694 1102 ante
725 1037 933 1114 fuere,
964 1044 1042 1100 ut
1071 1037 1322 1115 opinor,
1357 1058 1581 1101 eorum
1614 1058 1813 1115 quam
1841 1037 2017 1101 foret
2045 1057 2223 1100 118118.

455 1148 720 1210 —haud
755 1148 963 1225 igitur
997 1154 1269 1225 potuere
1303 1147 1536 1211 utendi
1571 1167 1858 1211 crescere
1892 1167 2109 1210 causa.

454 1265 610 1319 —at
644 1265 879 1320 contra
910 1258 1213 1321 conferre
1246 1279 1448 1321 manu
1485 1258 1850 1321 certamina
1884 1277 2146 1335 pugnae

541 1376 606 1429 et
639 1368 927 1429 lacerare
962 1375 1148 1430 artus
1184 1367 1579 1445 foedareque
1615 1369 1906 1431 membra
1941 1388 2173 1431 cruore

543 1484 694 1540 ante
729 1477 864 1539 fuit
895 1478 1106 1540 multo
1134 1498 1330 1555 quam
1364 1478 1586 1543 lucida
1619 1479 1752 1541 tela
1782 1479 2107 1555 uolarent,

542 1593 604 1648 et
636 1588 874 1649 uolnus
905 1586 1122 1651 uitare
1154 1587 1343 1665 prius
1372 1595 1617 1650 natura
1642 1587 1858 1664 coegit
1960 1627 1966 1634 -

542 1717 738 1774 quam
775 1698 964 1759 daret
1001 1697 1325 1760 obiectum
1359 1697 1619 1774 parmai
1653 1698 1844 1760 laeua
1880 1718 1999 1775 per
2035 1704 2263 1760 artem.

541 1806 787 1869 scilicet
821 1814 885 1870 et
920 1806 1166 1869 fessum
1200 1827 1441 1885 corpus
1469 1808 1787 1869 mandare
1822 1807 2030 1884 quieti

540 1917 752 1980 multo
778 1916 1118 1994 antiquius
1146 1922 1242 1980 est
1273 1937 1470 1993 quam
1498 1917 1652 1981 lecti
1681 1917 1903 1980 mollia
1931 1923 2162 1993 strata,

541 2034 606 2089 et
637 2027 864 2089 sedare
894 2026 1072 2089 sitim
1104 2027 1292 2104 prius
1323 2033 1419 2089 est
1451 2048 1650 2104 quam
1682 2028 1917 2105 pocula
1949 2034 2200 2089 natum.

455 2137 699 2199 —haec
737 2136 944 2213 igitur
981 2143 1257 2214 possunt
1291 2137 1526 2200 utendi
1562 2136 1826 2214 cognita
1863 2157 2060 2199 causa

543 2246 814 2323 credier‚
849 2267 927 2309 ex
956 2266 1082 2309 usu
1116 2266 1281 2324 quae
1315 2252 1470 2311 sunt
1502 2246 1775 2324 uitaque
1809 2253 2092 2325 reperta.

456 2358 658 2420 —illa
691 2357 957 2434 quidem
992 2377 1278 2420 seorsum
1316 2365 1471 2420 sunt
1505 2357 1725 2420 omnia
1759 2378 1926 2434 quae
1962 2357 2150 2435 prius
2184 2357 2329 2434 ipsa

542 2474 702 2530 nata
736 2468 972 2532 dedere
1006 2488 1160 2529 suae
1194 2474 1341 2545 post
1375 2467 1679 2530 notitiam
1714 2467 2048 2530 utilitatis,

513 2576 675 2653 (quo
707 2597 940 2653 genere
974 2577 1043 2638 in
1077 2577 1309 2654 primis
1340 2597 1566 2642 sensus
1602 2584 1664 2640 et
1695 2578 1987 2640 membra
2017 2577 2372 2653 uidemus)

458 2706 748 2763 —quare
779 2686 976 2749 etiam
1008 2694 1204 2762 atque
1236 2686 1431 2749 etiam
1464 2688 1695 2764 procul
1728 2694 1823 2750 est
1854 2694 1930 2748 ut
1962 2687 2225 2750 credere
2258 2686 2466 2764 possis

542 2795 857 2857 utilitatis
889 2797 967 2858 ob
1003 2796 1282 2858 officium
1318 2795 1608 2873 potuisse
1641 2796 1871 2859 creari.

676 3173 900 3260 ΙΙΙ1111ᾶ
933 3176 1088 3237 item
1121 3197 1252 3239 non
1286 3184 1381 3240 est
1415 3177 1813 3254 mirandum,
1848 3177 2140 3255 corporis
2172 3177 2317 3255 ipsa

544 3286 717 3362 quod
751 3292 996 3349 natura
1032 3286 1249 3348 cibum
1284 3287 1543 3363 quaerit
1580 3287 1895 3364 cuiusque
1932 3285 2307 3350 animantis.

545 3396 792 3473 quippe
827 3395 1066 3459 etenim
1101 3395 1302 3459 fluere
1337 3403 1534 3473 atque
1566 3397 1868 3460 recedere
1902 3417 2180 3474 corpora
2212 3398 2409 3459 rebus

542 3506 753 3567 multa
787 3504 998 3566 modis
1028 3505 1256 3567 multis
1292 3506 1503 3582 docui,
1541 3507 1655 3567 sed
1690 3505 1980 3583 plurima
2014 3506 2255 3568 debent

544 3637 622 3678 ex
655 3614 1064 3677 animalibu'.
1152 3625 1215 3684 <
1227 3625 1466 3691 quae>
1511 3614 1667 3692 quia
1700 3622 1856 3678 sunt
1890 3615 2176 3678 exercita
2206 3621 2409 3691 motu,

543 3726 754 3787 multa
788 3744 907 3801 per
941 3744 1008 3786 os
1043 3725 1456 3801 exhalantur,
1493 3746 1643 3787 cum
1673 3725 1993 3802 languida
2028 3726 2361 3801 anhelant,

543 3835 882 3910 multaque
915 3855 1034 3911 per
1067 3835 1368 3897 sudorem
1404 3821 1482 3898 ex
1517 3835 1652 3897 alto
1684 3855 1910 3915 pressa
1945 3833 2279 3897 feruntur.

459 3944 647 4005 —his
678 3944 887 4021 igitur
918 3945 1113 4006 rebus
1145 3943 1419 4006 rarescit
1450 3964 1690 4021 corpus
1723 3950 1789 4006 et
1820 3942 2029 4006 omnis

1534 4158 1683 4210 [148]

2756 924 2859 973 840

2757 1476 2859 1525 845

2757 2023 2858 2075 850

2756 2573 2855 2623 855

2758 3393 2856 3443 860

2758 3722 2855 3772 864

2758 3831 2853 3880 863

2757 3940 2855 3992 865
