3182 4602
1105 439 1207 488 DE
1243 438 1507 489 RERVM
1542 439 1852 488 NATVRA
1899 439 1978 489 VI

519 672 666 714 cum
697 652 972 716 uideant
1003 660 1260 716 tantam
1289 661 1622 717 terrarum
1654 653 2029 716 incumbere
2060 654 2311 716 molem.

519 763 694 840 quod
727 762 854 824 nisi
885 762 1215 841 respirent
1246 763 1453 839 uenti,
1485 763 1589 826 uis
1622 764 1809 827 nulla
1841 763 2135 826 refrenet

520 892 623 934 res
653 892 862 950 neque
895 873 975 935 ab
1007 873 1210 934 exitio
1238 873 1444 951 possit
1476 874 1956 951 reprehendere
1988 871 2225 935 euntis.

519 1002 698 1044 nunc
734 981 890 1059 quia
923 982 1258 1060 respirant
1291 983 1566 1046 alternis
1602 983 1801 1060 inque
1835 989 2234 1060 grauescunt
2734 980 2841 1029 570

521 1099 584 1154 et
619 1091 808 1168 quasi
842 1091 1095 1155 collecti
1129 1093 1410 1156 redeunt
1446 1093 1819 1170 ceduntque
1854 1091 2123 1170 repulsi,

519 1201 784 1279 saepius
811 1202 982 1265 hanc
1014 1203 1094 1265 ob
1126 1223 1262 1265 rem
1295 1202 1648 1266 minitatur
1677 1209 1859 1266 terra
1890 1202 2120 1265 ruinas

521 1331 718 1388 quam
751 1310 951 1388 facit3
985 1311 1348 1375 inclinatur
1381 1311 1556 1375 enim
1585 1319 1893 1388 retroque
1927 1312 2178 1375 recellit

521 1428 587 1483 et
619 1421 858 1499 recipit
890 1423 1202 1500 prolapsa
1232 1442 1386 1485 suas
1417 1423 1488 1483 in
1520 1423 1817 1500 pondera
1848 1424 2049 1485 sedes.

433 1530 642 1593 —hac
676 1531 885 1608 igitur
918 1532 1173 1595 ratione
1206 1532 1526 1595 uacillant
1560 1532 1779 1595 omnia
1810 1539 2004 1608 tecta,
2735 1529 2841 1578 575

521 1661 774 1703 summa
802 1641 1012 1719 magis
1042 1641 1294 1718 mediiS,
1326 1642 1543 1705 media
1574 1642 1741 1718 imis,
1777 1642 1911 1705 ima
1941 1642 2291 1720 perhilum.

650 1751 772 1814 Est
803 1753 961 1814 haec
993 1751 1282 1813 eiusdem
1315 1771 1570 1829 quoque
1603 1752 1827 1830 magni
1860 1772 2057 1815 causa
2088 1750 2393 1814 tremoris
2411 1777 2425 1828 3

522 1867 764 1924 uentus
794 1860 910 1924 ubi
941 1867 1138 1938 atque
1172 1861 1428 1925 animae
1459 1862 1676 1925 subito
1708 1861 1813 1925 uis
1843 1861 2131 1925 maxima
2161 1862 2482 1938 quaedam

524 1978 639 2033 aut
676 1971 1083 2034 extrinsecus
1116 1978 1232 2034 aut
1267 1971 1413 2049 ipsa
1447 1973 1685 2036 tellure
1719 1979 1942 2035 coorta

524 2080 594 2141 in
625 2081 768 2143 loca
795 2101 864 2144 se
896 2102 1062 2145 caua
1091 2081 1297 2144 terrai
1331 2082 1608 2145 coniecit
1638 2081 1858 2159 ibique
2737 2079 2841 2128 580

523 2192 871 2268 speluncas
905 2191 1079 2253 inter
1109 2212 1384 2269 magnas
1416 2191 1645 2253 fremit
1679 2199 1831 2255 ante
1866 2193 2156 2255 tumultu

523 2303 1232 2380 uersabunda<que>
1277 2310 1606 2381 portatur,
1644 2311 1791 2381 post
1827 2303 2033 2366 incita
2068 2324 2216 2366 cum
2248 2301 2354 2366 uis

526 2412 860 2490 exagitata
896 2411 1080 2475 foras
1115 2413 1490 2491 erumpitur
1527 2418 1591 2474 et
1629 2412 1824 2475 simul
1862 2414 2065 2476 altam

526 2521 873 2585 diffindens
905 2530 1153 2585 terram
1187 2543 1500 2601 magnum
1533 2521 1884 2586 concinnat
1919 2522 2195 2585 hiatum.

439 2630 598 2692 —in
632 2631 830 2708 Syria
861 2632 1103 2695 Sidone
1136 2633 1310 2709 quod
1344 2632 1584 2695 accidit
1616 2639 1681 2695 et
1713 2631 1850 2695 fuit
1880 2632 2049 2709 Aegi
2736 2629 2843 2678 585

527 2740 598 2801 in
629 2741 1095 2819 PeloponneSO,
1127 2762 1290 2819 quas
1321 2742 1536 2805 exitus
1565 2742 1672 2803 hic
1704 2742 1949 2805 animal

529 2850 862 2913 disturbat
895 2852 1090 2914 urbes
1124 2860 1188 2914 et
1221 2856 1437 2914 terrae
1471 2858 1687 2913 motus
1721 2853 2008 2914 obortus

527 2961 865 3037 multaque
903 2967 1245 3038 praeterea
1282 2961 1661 3024 ceciderunt
1698 2961 1956 3024 moenia
1989 2960 2246 3039 magnis

529 3070 812 3132 motibus
844 3070 916 3131 in
946 3070 1147 3133 terris
1177 3077 1240 3132 et
1273 3072 1519 3134 multae
1553 3090 1673 3149 per
1706 3091 1885 3133 mare
1921 3090 2180 3148 pessum

529 3180 875 3243 subsedere
908 3179 1044 3242 suis
1078 3180 1332 3257 pariter
1367 3201 1514 3242 cum
1548 3180 1806 3242 ciuibus
1838 3182 2051 3243 urbes
2740 3178 2844 3228 590

529 3290 702 3367 quod
735 3289 864 3351 nisi
897 3288 1294 3367 prorumpit,
1327 3296 1547 3352 tamen
1580 3289 1868 3367 impetus
1899 3290 2039 3367 ipse
2073 3290 2317 3353 animai

529 3406 593 3461 et
627 3398 773 3461 fera
805 3399 910 3462 uis
940 3399 1127 3462 uenti
1161 3405 1281 3477 per
1314 3400 1544 3462 crebra
1577 3398 1912 3462 foramina
1941 3406 2159 3463 terrae

530 3508 925 3586 dispertitur
956 3514 1033 3571 ut
1063 3509 1299 3570 horror
1330 3514 1394 3569 et
1426 3508 1670 3571 incutit
1700 3509 1853 3571 inde
1887 3515 2269 3585 tremorem3

498 3618 750 3695 (frigus
777 3618 880 3681 uti
909 3624 1166 3680 nostros
1195 3617 1462 3696 penitus
1493 3639 1641 3681 cum
1669 3618 1857 3682 uenit
1886 3618 1958 3680 in
1987 3624 2192 3695 artus,

530 3728 825 3791 concutit
853 3727 1101 3790 inuitos
1133 3748 1367 3805 cogens
1398 3734 1677 3791 tremere
1711 3734 1909 3805 atque
1939 3728 2235 3804 mouere)
2252 3777 2265 3791 .
2742 3726 2845 3777 595

442 3837 809 3916 ——ancipiti
840 3836 1184 3915 trepidant
1218 3836 1427 3915 igitur
1457 3844 1711 3901 terrore
1745 3857 1864 3915 per
1896 3837 2100 3914 urbiS‚

531 3954 704 4011 tecta
737 3967 1019 4025 superne
1049 3946 1305 4023 timent,
1339 3953 1647 4009 metuunt
1679 3945 1941 4007 inferne
1974 3966 2292 4010 cauernas

553 4078 654 4128 582
677 4078 810 4139 fort.
848 4077 1220 4127 versabundus
1259 4114 1272 4127 .
1311 4114 1324 4127 .
1363 4113 1376 4126 .
1416 4093 1577 4141 quam

1522 4212 1670 4263 [234]
