3182 4602
1133 392 1235 442 DE
1271 391 1536 442 RERVM
1571 390 1881 441 NATVRA
1927 391 1974 440 V

657 897 805 974 Qua
833 895 1022 974 prius
1053 895 1406 973 adgrediar
1437 915 1637 972 quam
1665 895 1746 956 de
1778 915 1847 956 re
1880 894 2165 956 fundere
2195 893 2341 956 fata
2746 888 2845 936 110

528 1005 822 1068 sanctius
853 1011 917 1068 et
948 1005 1160 1068 multo
1189 1012 1370 1068 certa
1399 1004 1657 1068 ratione
1688 1003 1898 1082 magis
1929 1023 2127 1080 quam

530 1114 774 1192 Pythia
808 1134 974 1191 quae
1006 1113 1270 1192 tripode
1305 1135 1344 1177 a
1375 1113 1621 1176 Phoebi
1655 1114 1972 1190 lauroque
2006 1112 2339 1191 profatur,

529 1225 742 1287 multa
776 1223 900 1286 tibi
936 1223 1280 1302 expediam
1317 1222 1527 1285 doctis
1562 1222 1804 1285 solacia
1838 1222 2036 1285 dictis
2053 1248 2068 1298 ;

530 1332 870 1411 relligione
902 1332 1283 1395 refrenatus
1314 1353 1396 1396 ne
1430 1332 1605 1394 forte
1636 1331 1846 1394 rearis

529 1450 747 1506 terras
775 1449 839 1506 et
867 1443 1066 1506 solem
1096 1449 1161 1506 et
1193 1443 1464 1519 caelum,
1494 1462 1675 1505 mare
1706 1441 1927 1504 sidera
1955 1441 2203 1518 lunam,
2747 1436 2844 1484 115

529 1572 800 1630 corpore
839 1552 1072 1614 diuino
1107 1553 1341 1615 debere
1380 1559 1650 1614 aeterna
1688 1572 1904 1614 meare

499 1663 1014 1741 (proptereaque
1050 1667 1244 1740 putes
1275 1661 1415 1724 ritu
1449 1681 1574 1739 par
1609 1681 1743 1724 esse
1779 1660 2140 1738 Gigantum

531 1772 818 1850 pendere
852 1791 957 1835 eos
989 1791 1233 1850 poenas
1265 1770 1517 1833 inmani
1551 1790 1674 1848 pro
1708 1771 1945 1832 scelere
1979 1770 2188 1832 omnis

531 1881 646 1958 qui
680 1880 935 1944 ratione
969 1901 1088 1944 sua
1121 1881 1497 1943 disturbent
1529 1880 1785 1942 moenia
1818 1879 2052 1941 mundi

532 1991 1074 2067 praeclarumque
1109 1989 1321 2052 uelint
1357 1990 1519 2052 caeli
1553 1989 1963 2066 restinguere
1999 1989 2196 2050 solem
2746 1985 2845 2033 120

531 2099 911 2162 inmortalia
946 2100 1212 2162 mortali
1249 2119 1542 2162 sermone
1581 2100 1919 2174 notantes)
1951 2126 1965 2176 ;

533 2229 698 2286 quae
730 2209 961 2286 procul
991 2229 1196 2286 usque
1231 2210 1395 2272 adeo
1423 2209 1660 2270 diuino
1687 2230 1728 2271 a
1756 2208 2024 2271 numine
2056 2208 2325 2285 distent,

451 2365 458 2369 -
533 2319 733 2397 inque
762 2321 957 2383 deum
986 2340 1263 2383 numero
1289 2340 1455 2397 quae
1485 2320 1619 2381 sint
1652 2319 1928 2396 indigna
1956 2318 2195 2396 uideri,

532 2429 838 2492 notitiam
871 2429 1093 2508 potius
1124 2430 1436 2506 praebere
1469 2436 1546 2492 ut
1581 2449 1767 2506 posse
1802 2434 2126 2507 putentur

534 2538 695 2616 quid
727 2538 814 2601 sit
844 2538 1039 2601 uitali
1070 2546 1253 2601 motu
1287 2559 1611 2616 sensuque
1644 2546 1985 2601 remotum.
2748 2534 2845 2583 125

447 2648 781 2726 —quippe
813 2648 1054 2711 etenim
1087 2669 1220 2711 non
1254 2655 1369 2725 est,
1406 2669 1554 2711 cum
1589 2648 1825 2725 quouis
1858 2668 2127 2726 corpore
2162 2654 2239 2710 ut
2273 2668 2406 2711 esse

533 2776 718 2833 posse
752 2757 956 2820 animi
986 2766 1234 2821 natura
1262 2764 1540 2835 putetur
1573 2748 2082 2834 consiliumque;

503 2866 704 2941 (sicut
737 2866 807 2927 in
841 2868 1100 2929 aethere
1132 2888 1264 2929 non
1298 2869 1511 2945 arbor,
1544 2888 1679 2930 non
1712 2887 1989 2945 aequore
2024 2867 2192 2930 salso

534 2975 740 3037 nubes
773 2995 906 3038 esse
941 2983 1192 3052 queunt
1224 2998 1434 3054 neque
1469 2977 1679 3055 pisces
1711 2977 1940 3040 uiuere
1974 2976 2045 3038 in
2078 2975 2260 3039 aruis

534 3104 652 3145 nec
687 3104 883 3147 cruor
916 3084 988 3145 in
1019 3084 1219 3162 lignis
1250 3106 1460 3163 neque
1493 3086 1672 3149 saxis
1703 3106 1897 3148 sucus
1931 3086 2002 3147 in
2038 3086 2235 3162 esse).
2748 3083 2845 3131 130

533 3198 786 3255 certum
818 3213 891 3255 ac
924 3192 1380 3270 dispositumst
1410 3195 1526 3257 ubi
1558 3194 1873 3272 quicquid
1907 3200 2155 3257 crescat
2189 3201 2252 3258 et
2286 3194 2463 3257 insit.

554 3297 882 3347 ANIMVM
915 3298 1011 3348 ET
1045 3299 1373 3348 ANIMAM
1406 3300 1569 3350 NON
1601 3300 1830 3350 POSSE
1865 3300 2043 3349 SINE
2079 3300 2420 3351 CORPORE
2455 3301 2637 3352 ESSE

447 3386 625 3449 —sic
661 3386 865 3450 animi
897 3395 1145 3450 natura
1174 3388 1403 3465 nequit
1439 3389 1577 3452 sine
1613 3409 1883 3466 corpore
1919 3388 2081 3451 oriri

533 3496 670 3558 sola
702 3516 913 3573 neque
948 3518 987 3560 a
1018 3497 1244 3560 neruis
1278 3506 1342 3561 et
1375 3498 1696 3576 sanguine
1730 3498 1995 3575 longius
2028 3520 2181 3562 esse.

535 3606 710 3682 quod
741 3605 797 3666 ni
829 3613 1045 3683 posset
1079 3607 1270 3683 enim,
1303 3608 1513 3669 multo
1544 3607 1733 3686 prius
1765 3607 1913 3684 ipsa
1944 3608 2150 3671 animi
2181 3608 2284 3671 uis

534 3713 607 3775 in
637 3714 852 3792 capite
883 3722 1000 3777 aut
1030 3715 1275 3778 umeris
1305 3722 1422 3779 aut
1451 3715 1601 3777 imis
1631 3717 1919 3780 calcibus
1950 3736 2083 3779 esse
2745 3715 2842 3764 135

535 3830 753 3901 posset
788 3830 852 3887 et
887 3824 1141 3887 innasci
1177 3825 1413 3901 quauis
1447 3825 1518 3886 in
1552 3833 1744 3902 parte
1780 3827 2034 3904 soleret,

533 3932 804 3994 tandem
835 3933 904 3993 in
937 3934 1158 3996 eodem
1188 3933 1448 3996 homine
1480 3942 1679 4011 atque
1710 3934 1781 3996 in
1812 3936 2035 3998 eodem
2065 3956 2221 3999 uase
2252 3955 2537 3999 manere.

560 4079 659 4127 116
680 4078 824 4139 vuly.
855 4094 1071 4129 manere

560 4146 657 4193 133
679 4146 823 4206 vuzy.
855 4146 1104 4211 longiter
1525 4166 1673 4216 [168]
