3182 4602
1179 435 1238 482 T.
1277 434 1603 484 LVGRETI
1640 433 1819 484 CARI

434 667 602 724 quae
637 647 764 710 sita
799 648 1085 712 ceruices
1118 649 1366 712 circum
1400 649 1770 726 collumque
1804 653 2109 725 coronat3

434 777 717 835 namque
749 757 915 821 alias
941 758 1017 822 fit
1047 758 1151 820 uti
1179 760 1360 821 claro
1387 759 1474 821 sit
1504 760 1713 822 rubra
1742 777 2018 837 pyrop0‚

435 867 771 931 interdum
802 869 1087 945 quodam
1116 889 1310 931 sensu
1341 869 1417 931 fit
1445 868 1548 931 uti
1578 869 1893 932 uideatur

434 977 611 1040 inter
639 979 1013 1041 caeruleum
1042 977 1282 1041 uiridis
1311 977 1580 1041 miscere
1612 980 2015 1056 zmaragdos,
2649 973 2752 1024 805

1105 1084 1206 1135 DE
1251 1084 1510 1135 CAVDA
1551 1083 1889 1135 PAVONIS

351 1173 776 1250 —caudaque
811 1174 1111 1252 pauoniS,
1146 1175 1335 1251 larga
1368 1195 1516 1237 cum
1549 1175 1693 1236 luce
1729 1175 1986 1251 repleta
2017 1180 2133 1250 est,

435 1283 759 1345 consimili
787 1291 1003 1346 mutat
1034 1284 1290 1347 ratione
1321 1286 1597 1347 obuersa
1628 1285 1891 1347 colores

351 1393 551 1470 —qui
585 1394 895 1470 quoniam
927 1395 1210 1471 quodam
1244 1394 1615 1472 gignuntur
1647 1393 1918 1456 luminis
1949 1393 2107 1470 ictu,

436 1503 601 1567 scire
631 1504 802 1580 licet,
833 1504 974 1568 sine
1005 1524 1081 1568 eo
1108 1504 1252 1567 fieri
1280 1524 1414 1566 non
1445 1525 1631 1582 posse
1662 1504 2037 1582 putandum
2069 1510 2184 1567 est.

563 1614 654 1676 Et
685 1613 996 1691 quoniam
1027 1615 1261 1692 plagae
1294 1615 1625 1691 quoddam
1656 1634 1862 1691 genus
1894 1613 2140 1691 excipit
2171 1613 2241 1674 in
2272 1633 2338 1675 se
2650 1609 2753 1658 810

437 1725 713 1801 pupula,
746 1745 894 1786 cum
928 1725 1171 1788 sentire
1203 1725 1481 1787 colorem
1515 1724 1765 1786 dicitur
1797 1725 2038 1800 album,

437 1840 634 1910 atque
665 1834 848 1896 aliud
880 1854 1098 1912 porro,
1129 1834 1397 1911 nigrum
1426 1855 1575 1896 cum
1605 1840 1670 1896 et
1700 1840 1918 1896 cetera
1945 1833 2165 1910 sentit,

436 1964 554 2006 nec
583 1943 794 2007 refert
822 1964 900 2007 ea
925 1964 1092 2021 quae
1119 1952 1374 2021 tangas,
1405 1963 1535 2021 quo
1563 1943 1741 2006 forte
1769 1945 1981 2007 colore

438 2053 745 2131 praedita
775 2061 950 2130 sunt,
981 2074 1212 2116 verum
1244 2054 1426 2131 quali
1454 2054 1666 2132 magis
1698 2061 1856 2132 apta
1886 2054 2121 2132 figura,
2174 2045 2181 2050 ’

437 2163 601 2226 scire
629 2163 784 2226 licet
814 2164 910 2225 nil
939 2164 1291 2242 principiis
1320 2185 1484 2242 opus
1513 2184 1647 2227 esse
1678 2165 1909 2241 colore,
2651 2160 2753 2209 815

436 2274 550 2337 sed
583 2273 793 2337 uariis
828 2273 1062 2337 formis
1094 2274 1434 2337 uariantes
1470 2275 1660 2339 edere
1695 2281 1932 2337 tactus

563 2385 918 2448 Praeterea
957 2385 1268 2462 quoniam
1309 2405 1441 2448 non
1483 2385 1680 2448 certis
1722 2392 1901 2448 certa
1942 2384 2174 2463 figuris

439 2500 534 2557 est
563 2500 810 2557 natura
839 2495 1075 2557 coloris
1104 2503 1167 2559 et
1200 2495 1422 2558 omnia
1449 2495 1934 2574 principiorum

439 2603 881 2667 formamenta
912 2612 1165 2681 queunt
1200 2605 1270 2665 in
1304 2605 1541 2683 quouis
1570 2625 1705 2667 esse
1738 2605 1973 2681 nitore,

439 2734 557 2775 cur
587 2734 664 2777 ea
695 2734 862 2791 quae
893 2721 1198 2777 constant
1231 2736 1309 2777 ex
1339 2714 1474 2776 illis
1503 2734 1637 2776 non
1668 2714 1923 2793 pariter
1954 2720 2112 2777 sunt
2652 2710 2752 2760 820

438 2823 825 2901 omnigenus
856 2824 1134 2901 perfusa
1163 2824 1488 2887 coloribus
1520 2824 1591 2885 in
1624 2844 1859 2902 genere
1891 2824 2110 2886 omni?

439 2933 871 2997 conueniebat
904 2933 1077 2997 enim
1109 2953 1339 2996 coruos
1371 2954 1629 3011 quoque
1662 2954 1855 3011 saepe
1885 2932 2175 2996 uolantis

438 3061 517 3104 ex
549 3043 716 3106 albis
749 3044 972 3106 album
1005 3043 1230 3121 pinnis
1264 3043 1510 3106 iactare
1543 3043 1823 3106 colorem

441 3159 504 3215 et
534 3153 760 3230 nigros
788 3152 932 3216 fieri
964 3153 1160 3231 nigro
1189 3154 1269 3217 de
1301 3154 1543 3216 semine
1575 3174 1820 3231 cygnos

441 3269 557 3325 aut
588 3263 720 3325 alio
750 3262 984 3340 quouis
1014 3283 1151 3325 uno
1179 3263 1498 3339 uarioque
1531 3264 1761 3325 colore.
2652 3260 2755 3309 825

567 3372 745 3451 Quin
777 3372 975 3436 etiam
1005 3381 1257 3451 quanto
1287 3373 1358 3433 in
1387 3380 1612 3451 partes
1642 3394 1747 3437 res
1778 3393 2073 3450 quaeque
2102 3372 2395 3435 minutas

441 3482 842 3545 distrahitur.
869 3482 1096 3560 magis,
1128 3485 1248 3546 hoc
1276 3483 1486 3560 magis
1517 3490 1613 3545 est
1642 3491 1719 3545 ut
1751 3503 2014 3545 cernere
2046 3482 2253 3560 possis

442 3613 826 3656 euanescere
859 3592 1186 3671 paulatim
1221 3592 1602 3670 stinguique
1635 3594 1948 3669 colorem;

441 3708 519 3764 ut·
543 3702 619 3765 fit
646 3702 762 3765 ubi
790 3702 861 3763 in
890 3723 1136 3779 paruas
1166 3702 1379 3780 partis
1408 3702 1811 3780 discerpitur
1840 3708 2160 3765 austrum.

465 3832 564 3882 802
586 3833 719 3895 fort.
751 3832 864 3883 cita

466 3901 565 3950 806
585 3901 741 3966 largo

467 3969 567 4018 814
586 3970 731 4030 vuly.
760 3968 873 4019 sint

468 4036 566 4086 815
586 4037 730 4097 vuzy.
762 4036 967 4086 colores

467 4104 564 4153 821
585 4105 730 4165 vuly.
766 4118 928 4155 omne
961 4119 1138 4170 genus

1451 4214 1565 4266 [67]
