<?xml version="1.0" encoding="UTF-8"?>
<!DOCTYPE html PUBLIC "-//W3C//DTD XHTML 1.0 Transitional//EN"
    "http://www.w3.org/TR/xhtml1/DTD/xhtml1-transitional.dtd">
<html xmlns="http://www.w3.org/1999/xhtml" xml:lang="en" lang="en">
 <head>
  <title>
</title>
<meta http-equiv="Content-Type" content="text/html;charset=utf-8" />
  <meta name='ocr-system' content='tesseract 3.04.00' />
  <meta name='ocr-capabilities' content='ocr_page ocr_carea ocr_par ocr_line ocrx_word'/>
</head>
<body>
  <div class='ocr_page' id='page_1' title='image "./lvcretiderervmn00unkngoog_0056.png"; bbox 0 0 3182 4602; ppageno 0'>
   <div class='ocr_carea' id='block_1_1' title="bbox 1184 470 1820 521">
    <p class='ocr_par' dir='ltr' id='par_1_1' title="bbox 1184 470 1820 521">
     <span class='ocr_line' id='line_1_1' title="bbox 1184 470 1820 521; baseline 0.003 -3"><span class='ocrx_word' id='word_1_1' title='bbox 1184 470 1244 519; x_wconf 89' lang='grc' dir='ltr'>Τ.</span> <span class='ocrx_word' id='word_1_2' title='bbox 1282 470 1609 520; x_wconf 78' lang='lat' dir='ltr'><strong><em>LVCRETI</em></strong></span> <span class='ocrx_word' id='word_1_3' title='bbox 1644 470 1820 521; x_wconf 75' lang='lat' dir='ltr'><strong><em>CARI</em></strong></span> 
     </span>
    </p>
   </div>
   <div class='ocr_carea' id='block_1_2' title="bbox 444 672 2315 764">
    <p class='ocr_par' dir='ltr' id='par_1_2' title="bbox 444 672 2315 764">
     <span class='ocr_line' id='line_1_2' title="bbox 444 672 2315 764; baseline 0.002 -18"><span class='ocrx_word' id='word_1_4' title='bbox 444 683 607 761; x_wconf 92' lang='lat' dir='ltr'>quid</span> <span class='ocrx_word' id='word_1_5' title='bbox 637 684 906 748; x_wconf 80' lang='lat' dir='ltr'><strong>dubitas</strong></span> <span class='ocrx_word' id='word_1_6' title='bbox 936 685 1099 762; x_wconf 92' lang='lat' dir='ltr'>quin</span> <span class='ocrx_word' id='word_1_7' title='bbox 1131 684 1336 748; x_wconf 88' lang='lat' dir='ltr'>omni&#39;</span> <span class='ocrx_word' id='word_1_8' title='bbox 1369 672 1456 748; x_wconf 88' lang='lat' dir='ltr'>sit</span> <span class='ocrx_word' id='word_1_9' title='bbox 1485 687 1645 748; x_wconf 91' lang='lat' dir='ltr'>haec</span> <span class='ocrx_word' id='word_1_10' title='bbox 1677 685 1951 748; x_wconf 87' lang='lat' dir='ltr'>rationi&#39;</span> <span class='ocrx_word' id='word_1_11' title='bbox 1985 689 2315 764; x_wconf 69' lang='lat' dir='ltr'>potestas?</span> 
     </span>
    </p>
   </div>
   <div class='ocr_carea' id='block_1_3' title="bbox 353 793 2155 873">
    <p class='ocr_par' dir='ltr' id='par_1_3' title="bbox 353 793 2155 873">
     <span class='ocr_line' id='line_1_3' title="bbox 353 793 2155 873; baseline 0.001 -17"><span class='ocrx_word' id='word_1_12' title='bbox 353 793 653 857; x_wconf 92' lang='lat' dir='ltr'>—omnis</span> <span class='ocrx_word' id='word_1_13' title='bbox 683 815 832 857; x_wconf 91' lang='lat' dir='ltr'>cum</span> <span class='ocrx_word' id='word_1_14' title='bbox 862 795 934 856; x_wconf 91' lang='lat' dir='ltr'>in</span> <span class='ocrx_word' id='word_1_15' title='bbox 965 795 1254 858; x_wconf 90' lang='lat' dir='ltr'>tenebris</span> <span class='ocrx_word' id='word_1_16' title='bbox 1285 795 1675 873; x_wconf 90' lang='lat' dir='ltr'>praesertim</span> <span class='ocrx_word' id='word_1_17' title='bbox 1706 795 1852 858; x_wconf 91' lang='lat' dir='ltr'>uita</span> <span class='ocrx_word' id='word_1_18' title='bbox 1884 797 2155 859; x_wconf 90' lang='lat' dir='ltr'>laboret.</span> 
     </span>
    </p>
   </div>
   <div class='ocr_carea' id='block_1_4' title="bbox 411 904 2353 1641">
    <p class='ocr_par' dir='ltr' id='par_1_4' title="bbox 411 904 2152 983">
     <span class='ocr_line' id='line_1_4' title="bbox 411 904 2152 983; baseline 0.002 -19"><span class='ocrx_word' id='word_1_19' title='bbox 411 904 598 980; x_wconf 89' lang='lat' dir='ltr'>(nam</span> <span class='ocrx_word' id='word_1_20' title='bbox 628 905 842 968; x_wconf 91' lang='lat' dir='ltr'>ueluti</span> <span class='ocrx_word' id='word_1_21' title='bbox 872 905 1064 983; x_wconf 91' lang='lat' dir='ltr'>pueri</span> <span class='ocrx_word' id='word_1_22' title='bbox 1093 905 1438 983; x_wconf 89' lang='lat' dir='ltr'>trepidant</span> <span class='ocrx_word' id='word_1_23' title='bbox 1468 912 1666 983; x_wconf 90' lang='lat' dir='ltr'>atque</span> <span class='ocrx_word' id='word_1_24' title='bbox 1698 905 1915 968; x_wconf 91' lang='lat' dir='ltr'>omnia</span> <span class='ocrx_word' id='word_1_25' title='bbox 1946 905 2152 969; x_wconf 89' lang='lat' dir='ltr'>caecis</span> 
     </span>
    </p>

    <p class='ocr_par' dir='ltr' id='par_1_5' title="bbox 441 1014 2353 1531">
     <span class='ocr_line' id='line_1_5' title="bbox 442 1014 2087 1091; baseline 0.001 -15"><span class='ocrx_word' id='word_1_26' title='bbox 442 1014 516 1075; x_wconf 93' lang='lat' dir='ltr'>in</span> <span class='ocrx_word' id='word_1_27' title='bbox 546 1014 837 1077; x_wconf 91' lang='lat' dir='ltr'>tenebris</span> <span class='ocrx_word' id='word_1_28' title='bbox 864 1020 1190 1091; x_wconf 91' lang='lat' dir='ltr'>metuunt,</span> <span class='ocrx_word' id='word_1_29' title='bbox 1225 1015 1318 1078; x_wconf 90' lang='lat' dir='ltr'>sic</span> <span class='ocrx_word' id='word_1_30' title='bbox 1350 1035 1468 1077; x_wconf 92' lang='lat' dir='ltr'>nos</span> <span class='ocrx_word' id='word_1_31' title='bbox 1501 1015 1573 1076; x_wconf 93' lang='lat' dir='ltr'>in</span> <span class='ocrx_word' id='word_1_32' title='bbox 1605 1016 1749 1078; x_wconf 89' lang='lat' dir='ltr'>luce</span> <span class='ocrx_word' id='word_1_33' title='bbox 1780 1014 2087 1078; x_wconf 90' lang='lat' dir='ltr'>timemus</span> 
     </span>
     <span class='ocr_line' id='line_1_6' title="bbox 442 1124 2273 1203; baseline 0.001 -17"><span class='ocrx_word' id='word_1_34' title='bbox 442 1124 798 1202; x_wconf 90' lang='lat' dir='ltr'>interdum,</span> <span class='ocrx_word' id='word_1_35' title='bbox 830 1124 1042 1187; x_wconf 88' lang='lat' dir='ltr'><strong>nihilo</strong></span> <span class='ocrx_word' id='word_1_36' title='bbox 1070 1145 1237 1202; x_wconf 89' lang='lat' dir='ltr'>quae</span> <span class='ocrx_word' id='word_1_37' title='bbox 1266 1130 1426 1188; x_wconf 89' lang='lat' dir='ltr'>sunt</span> <span class='ocrx_word' id='word_1_38' title='bbox 1451 1125 1806 1188; x_wconf 86' lang='lat' dir='ltr'>metuenda</span> <span class='ocrx_word' id='word_1_39' title='bbox 1836 1125 2047 1203; x_wconf 90' lang='lat' dir='ltr'>magis</span> <span class='ocrx_word' id='word_1_40' title='bbox 2076 1145 2273 1202; x_wconf 90' lang='lat' dir='ltr'>quam</span> 
     </span>
     <span class='ocr_line' id='line_1_7' title="bbox 445 1234 2353 1312; baseline 0.001 -16"><span class='ocrx_word' id='word_1_41' title='bbox 445 1254 610 1311; x_wconf 89' lang='lat' dir='ltr'>quae</span> <span class='ocrx_word' id='word_1_42' title='bbox 642 1234 835 1312; x_wconf 89' lang='lat' dir='ltr'>pueri</span> <span class='ocrx_word' id='word_1_43' title='bbox 866 1235 939 1296; x_wconf 90' lang='lat' dir='ltr'>in</span> <span class='ocrx_word' id='word_1_44' title='bbox 971 1234 1258 1298; x_wconf 88' lang='lat' dir='ltr'>tenebris</span> <span class='ocrx_word' id='word_1_45' title='bbox 1291 1235 1605 1312; x_wconf 87' lang='lat' dir='ltr'>pauitant</span> <span class='ocrx_word' id='word_1_46' title='bbox 1636 1235 2029 1312; x_wconf 88' lang='lat' dir='ltr'>finguntque</span> <span class='ocrx_word' id='word_1_47' title='bbox 2064 1234 2353 1311; x_wconf 78' lang='lat' dir='ltr'>futura.)</span> 
     </span>
     <span class='ocr_line' id='line_1_8' title="bbox 443 1344 2288 1422; baseline 0 -16"><span class='ocrx_word' id='word_1_48' title='bbox 443 1345 618 1406; x_wconf 82' lang='lat' dir='ltr'>hunc</span> <span class='ocrx_word' id='word_1_49' title='bbox 649 1344 857 1422; x_wconf 90' lang='lat' dir='ltr'>igitur</span> <span class='ocrx_word' id='word_1_50' title='bbox 915 1352 1236 1408; x_wconf 90' lang='lat' dir='ltr'>terrorem</span> <span class='ocrx_word' id='word_1_51' title='bbox 1269 1344 1472 1408; x_wconf 90' lang='lat' dir='ltr'>animi</span> <span class='ocrx_word' id='word_1_52' title='bbox 1504 1346 1937 1421; x_wconf 81' lang='lat' dir='ltr'>tenebrasque</span> <span class='ocrx_word' id='word_1_53' title='bbox 1968 1351 2288 1408; x_wconf 80' lang='lat' dir='ltr'>necessest</span> 
     </span>
     <span class='ocr_line' id='line_1_9' title="bbox 441 1453 1794 1531; baseline 0 -17"><span class='ocrx_word' id='word_1_54' title='bbox 441 1474 573 1516; x_wconf 91' lang='lat' dir='ltr'>non</span> <span class='ocrx_word' id='word_1_55' title='bbox 605 1454 779 1517; x_wconf 80' lang='lat' dir='ltr'>radii</span> <span class='ocrx_word' id='word_1_56' title='bbox 812 1454 966 1517; x_wconf 88' lang='lat' dir='ltr'>solis</span> <span class='ocrx_word' id='word_1_57' title='bbox 997 1475 1208 1531; x_wconf 88' lang='lat' dir='ltr'>neque</span> <span class='ocrx_word' id='word_1_58' title='bbox 1240 1454 1465 1516; x_wconf 90' lang='lat' dir='ltr'>lucida</span> <span class='ocrx_word' id='word_1_59' title='bbox 1496 1455 1630 1517; x_wconf 89' lang='lat' dir='ltr'>tela</span> <span class='ocrx_word' id='word_1_60' title='bbox 1659 1453 1794 1516; x_wconf 88' lang='lat' dir='ltr'>diei</span> 
     </span>
    </p>

    <p class='ocr_par' dir='ltr' id='par_1_6' title="bbox 444 1563 1912 1641">
     <span class='ocr_line' id='line_1_10' title="bbox 444 1563 1912 1641; baseline 0.001 -16"><span class='ocrx_word' id='word_1_61' title='bbox 444 1563 824 1641; x_wconf 90' lang='lat' dir='ltr'>discutiant,</span> <span class='ocrx_word' id='word_1_62' title='bbox 855 1564 970 1626; x_wconf 89' lang='lat' dir='ltr'>sed</span> <span class='ocrx_word' id='word_1_63' title='bbox 1002 1570 1281 1627; x_wconf 91' lang='lat' dir='ltr'>naturae</span> <span class='ocrx_word' id='word_1_64' title='bbox 1311 1563 1560 1641; x_wconf 86' lang='lat' dir='ltr'>species</span> <span class='ocrx_word' id='word_1_65' title='bbox 1591 1563 1912 1640; x_wconf 89' lang='lat' dir='ltr'>ratioque.</span> 
     </span>
    </p>
   </div>
   <div class='ocr_carea' id='block_1_5' title="bbox 566 1922 2358 2090">
    <p class='ocr_par' dir='ltr' id='par_1_7' title="bbox 566 1922 2358 2090">
     <span class='ocr_line' id='line_1_11' title="bbox 640 1922 2358 1973; baseline 0 -1"><span class='ocrx_word' id='word_1_66' title='bbox 640 1923 741 1973; x_wconf 86' lang='lat' dir='ltr'>DE</span> <span class='ocrx_word' id='word_1_67' title='bbox 780 1922 994 1973; x_wconf 82' lang='lat' dir='ltr'>MOTV</span> <span class='ocrx_word' id='word_1_68' title='bbox 1033 1922 1603 1973; x_wconf 86' lang='lat' dir='ltr'>PRINCIPIORVM</span> <span class='ocrx_word' id='word_1_69' title='bbox 1642 1923 1738 1972; x_wconf 82' lang='lat' dir='ltr'>ET</span> <span class='ocrx_word' id='word_1_70' title='bbox 1779 1923 2138 1972; x_wconf 83' lang='lat' dir='ltr'>INFINITA</span> <span class='ocrx_word' id='word_1_71' title='bbox 2177 1922 2358 1973; x_wconf 76' lang='lat' dir='ltr'>ESSE</span> 
     </span>
     <span class='ocr_line' id='line_1_12' title="bbox 566 2011 2008 2090; baseline -0.001 -16"><span class='ocrx_word' id='word_1_72' title='bbox 566 2013 759 2075; x_wconf 91' lang='lat' dir='ltr'>Nunc</span> <span class='ocrx_word' id='word_1_73' title='bbox 795 2032 932 2090; x_wconf 89' lang='lat' dir='ltr'>age,</span> <span class='ocrx_word' id='word_1_74' title='bbox 971 2032 1102 2090; x_wconf 92' lang='lat' dir='ltr'>quo</span> <span class='ocrx_word' id='word_1_75' title='bbox 1133 2019 1316 2075; x_wconf 90' lang='lat' dir='ltr'>motu</span> <span class='ocrx_word' id='word_1_76' title='bbox 1351 2011 1669 2089; x_wconf 85' lang='lat' dir='ltr'>genitalia</span> <span class='ocrx_word' id='word_1_77' title='bbox 1703 2011 2008 2074; x_wconf 87' lang='lat' dir='ltr'>materiai</span> 
     </span>
    </p>
   </div>
   <div class='ocr_carea' id='block_1_6' title="bbox 359 2103 2397 3956">
    <p class='ocr_par' dir='ltr' id='par_1_8' title="bbox 444 2103 2217 2200">
     <span class='ocr_line' id='line_1_13' title="bbox 444 2103 2217 2200; baseline -0.002 -15"><span class='ocrx_word' id='word_1_78' title='bbox 444 2142 719 2200; x_wconf 91' lang='lat' dir='ltr'>corpora</span> <span class='ocrx_word' id='word_1_79' title='bbox 752 2142 856 2185; x_wconf 92' lang='lat' dir='ltr'>res</span> <span class='ocrx_word' id='word_1_80' title='bbox 887 2121 1113 2185; x_wconf 84' lang='lat' dir='ltr'>uarias</span> <span class='ocrx_word' id='word_1_81' title='bbox 1148 2121 1426 2200; x_wconf 82' lang='lat' dir='ltr'>gignant</span> <span class='ocrx_word' id='word_1_82' title='bbox 1460 2121 1844 2199; x_wconf 85' lang='lat' dir='ltr'>genitasque</span> <span class='ocrx_word' id='word_1_83' title='bbox 1879 2103 2217 2184; x_wconf 86' lang='lat' dir='ltr'>resoluant</span> 
     </span>
    </p>

    <p class='ocr_par' dir='ltr' id='par_1_9' title="bbox 443 2230 2167 2321">
     <span class='ocr_line' id='line_1_14' title="bbox 443 2230 2167 2321; baseline -0.002 -26"><span class='ocrx_word' id='word_1_84' title='bbox 443 2238 509 2295; x_wconf 90' lang='lat' dir='ltr'>ct</span> <span class='ocrx_word' id='word_1_85' title='bbox 539 2252 672 2310; x_wconf 91' lang='lat' dir='ltr'>qua</span> <span class='ocrx_word' id='word_1_86' title='bbox 697 2231 770 2294; x_wconf 91' lang='lat' dir='ltr'>ui</span> <span class='ocrx_word' id='word_1_87' title='bbox 801 2231 1020 2296; x_wconf 81' lang='lat' dir='ltr'>facere</span> <span class='ocrx_word' id='word_1_88' title='bbox 1051 2231 1120 2293; x_wconf 90' lang='lat' dir='ltr'>id</span> <span class='ocrx_word' id='word_1_89' title='bbox 1150 2238 1473 2310; x_wconf 82' lang='lat' dir='ltr'>cogantur</span> <span class='ocrx_word' id='word_1_90' title='bbox 1505 2251 1802 2310; x_wconf 89' lang='lat' dir='ltr'>quaeque</span> <span class='ocrx_word' id='word_1_91' title='bbox 1834 2230 1921 2294; x_wconf 91' lang='lat' dir='ltr'>sit</span> <span class='ocrx_word' id='word_1_92' title='bbox 1954 2230 2100 2294; x_wconf 88' lang='lat' dir='ltr'>ollis</span> <span class='ocrx_word' id='word_1_93' title='bbox 2164 2316 2167 2321; x_wconf 21' lang='grc' dir='ltr'>Ι</span> 
     </span>
    </p>

    <p class='ocr_par' dir='ltr' id='par_1_10' title="bbox 359 2336 2125 2531">
     <span class='ocr_line' id='line_1_15' title="bbox 359 2336 2125 2432; baseline -0.001 -28"><span class='ocrx_word' id='word_1_94' title='bbox 359 2425 369 2432; x_wconf 87' lang='lat'><strong><em>.</em></strong></span> <span class='ocrx_word' id='word_1_95' title='bbox 439 2342 702 2405; x_wconf 89' lang='lat' dir='ltr'>reddita</span> <span class='ocrx_word' id='word_1_96' title='bbox 738 2343 1067 2405; x_wconf 88' lang='lat' dir='ltr'>mobilitas</span> <span class='ocrx_word' id='word_1_97' title='bbox 1103 2363 1415 2420; x_wconf 88' lang='lat' dir='ltr'>magnum</span> <span class='ocrx_word' id='word_1_98' title='bbox 1454 2336 1573 2420; x_wconf 88' lang='lat' dir='ltr'>per</span> <span class='ocrx_word' id='word_1_99' title='bbox 1610 2341 1807 2404; x_wconf 89' lang='lat' dir='ltr'>inane</span> <span class='ocrx_word' id='word_1_100' title='bbox 1843 2341 2125 2418; x_wconf 90' lang='lat' dir='ltr'>meandi,</span> 
     </span>
     <span class='ocr_line' id='line_1_16' title="bbox 443 2451 1972 2531; baseline -0.001 -17"><span class='ocrx_word' id='word_1_101' title='bbox 443 2452 820 2531; x_wconf 88' lang='lat' dir='ltr'>expediam:</span> <span class='ocrx_word' id='word_1_102' title='bbox 853 2459 930 2515; x_wconf 91' lang='lat' dir='ltr'>tu</span> <span class='ocrx_word' id='word_1_103' title='bbox 960 2458 1025 2515; x_wconf 88' lang='lat' dir='ltr'>te</span> <span class='ocrx_word' id='word_1_104' title='bbox 1058 2451 1255 2514; x_wconf 90' lang='lat' dir='ltr'>dictis</span> <span class='ocrx_word' id='word_1_105' title='bbox 1284 2453 1598 2529; x_wconf 90' lang='lat' dir='ltr'>praebere</span> <span class='ocrx_word' id='word_1_106' title='bbox 1631 2457 1972 2513; x_wconf 70' lang='lat' dir='ltr'>memento</span> 
     </span>
    </p>

    <p class='ocr_par' dir='ltr' id='par_1_11' title="bbox 441 2544 1894 2640">
     <span class='ocr_line' id='line_1_17' title="bbox 441 2544 1894 2640; baseline -0.001 -16"><span class='ocrx_word' id='word_1_107' title='bbox 441 2563 609 2625; x_wconf 90' lang='lat' dir='ltr'>Nam</span> <span class='ocrx_word' id='word_1_108' title='bbox 641 2544 815 2626; x_wconf 87' lang='lat' dir='ltr'>certe</span> <span class='ocrx_word' id='word_1_109' title='bbox 845 2582 978 2624; x_wconf 90' lang='lat' dir='ltr'>non</span> <span class='ocrx_word' id='word_1_110' title='bbox 1010 2562 1185 2625; x_wconf 91' lang='lat' dir='ltr'>inter</span> <span class='ocrx_word' id='word_1_111' title='bbox 1215 2582 1281 2625; x_wconf 93' lang='grc'>80</span> <span class='ocrx_word' id='word_1_112' title='bbox 1311 2560 1560 2640; x_wconf 89' lang='lat' dir='ltr'>stipata</span> <span class='ocrx_word' id='word_1_113' title='bbox 1590 2562 1894 2623; x_wconf 82' lang='lat' dir='ltr'>cohaeret</span> 
     </span>
    </p>

    <p class='ocr_par' dir='ltr' id='par_1_12' title="bbox 439 2668 2397 2859">
     <span class='ocr_line' id='line_1_18' title="bbox 439 2668 2397 2749; baseline -0.001 -16"><span class='ocrx_word' id='word_1_114' title='bbox 439 2672 762 2749; x_wconf 79' lang='lat' dir='ltr'>materieS,</span> <span class='ocrx_word' id='word_1_115' title='bbox 800 2671 1109 2749; x_wconf 90' lang='lat' dir='ltr'>quoniam</span> <span class='ocrx_word' id='word_1_116' title='bbox 1143 2670 1356 2733; x_wconf 91' lang='lat' dir='ltr'>minui</span> <span class='ocrx_word' id='word_1_117' title='bbox 1392 2691 1530 2733; x_wconf 90' lang='lat' dir='ltr'>rem</span> <span class='ocrx_word' id='word_1_118' title='bbox 1566 2690 1893 2748; x_wconf 84' lang='lat' dir='ltr'>quamque</span> <span class='ocrx_word' id='word_1_119' title='bbox 1937 2668 2397 2742; x_wconf 88' lang='lat' dir='ltr'>&lt;ui&gt;demus</span> 
     </span>
     <span class='ocr_line' id='line_1_19' title="bbox 442 2778 2163 2859; baseline -0.002 -15"><span class='ocrx_word' id='word_1_120' title='bbox 442 2787 506 2844; x_wconf 88' lang='lat' dir='ltr'>et</span> <span class='ocrx_word' id='word_1_121' title='bbox 538 2780 726 2859; x_wconf 85' lang='lat' dir='ltr'>quasi</span> <span class='ocrx_word' id='word_1_122' title='bbox 757 2780 1120 2859; x_wconf 85' lang='lat' dir='ltr'>longinquo</span> <span class='ocrx_word' id='word_1_123' title='bbox 1150 2780 1353 2843; x_wconf 88' lang='lat' dir='ltr'>fluere</span> <span class='ocrx_word' id='word_1_124' title='bbox 1387 2779 1605 2842; x_wconf 91' lang='lat' dir='ltr'>omnia</span> <span class='ocrx_word' id='word_1_125' title='bbox 1639 2778 1966 2842; x_wconf 90' lang='lat' dir='ltr'>cernimus</span> <span class='ocrx_word' id='word_1_126' title='bbox 1999 2798 2163 2842; x_wconf 89' lang='lat' dir='ltr'>aeuo</span> 
     </span>
    </p>

    <p class='ocr_par' dir='ltr' id='par_1_13' title="bbox 441 2888 1996 2968">
     <span class='ocr_line' id='line_1_20' title="bbox 441 2888 1996 2968; baseline -0.003 -14"><span class='ocrx_word' id='word_1_127' title='bbox 441 2912 521 2954; x_wconf 83' lang='lat' dir='ltr'>ex</span> <span class='ocrx_word' id='word_1_128' title='bbox 550 2890 882 2968; x_wconf 86' lang='lat' dir='ltr'>oculisque</span> <span class='ocrx_word' id='word_1_129' title='bbox 910 2897 1311 2953; x_wconf 82' lang='lat' dir='ltr'>uetustatem</span> <span class='ocrx_word' id='word_1_130' title='bbox 1341 2890 1705 2952; x_wconf 86' lang='lat' dir='ltr'>subducere</span> <span class='ocrx_word' id='word_1_131' title='bbox 1735 2888 1996 2951; x_wconf 64' lang='lat' dir='ltr'>nostris„</span> 
     </span>
    </p>

    <p class='ocr_par' dir='ltr' id='par_1_14' title="bbox 411 2999 2329 3403">
     <span class='ocr_line' id='line_1_21' title="bbox 411 2999 2147 3077; baseline -0.001 -14"><span class='ocrx_word' id='word_1_132' title='bbox 411 3001 592 3077; x_wconf 90' lang='lat' dir='ltr'>(cum</span> <span class='ocrx_word' id='word_1_133' title='bbox 621 3007 844 3063; x_wconf 90' lang='lat' dir='ltr'>tamen</span> <span class='ocrx_word' id='word_1_134' title='bbox 875 2999 1220 3063; x_wconf 91' lang='lat' dir='ltr'>incolumis</span> <span class='ocrx_word' id='word_1_135' title='bbox 1249 3000 1564 3063; x_wconf 89' lang='lat' dir='ltr'>uideatur</span> <span class='ocrx_word' id='word_1_136' title='bbox 1598 3018 1852 3062; x_wconf 90' lang='lat' dir='ltr'>summa</span> <span class='ocrx_word' id='word_1_137' title='bbox 1882 3018 2147 3061; x_wconf 89' lang='lat' dir='ltr'>manere</span> 
     </span>
     <span class='ocr_line' id='line_1_22' title="bbox 441 3106 2159 3188; baseline -0.002 -17"><span class='ocrx_word' id='word_1_138' title='bbox 441 3116 794 3188; x_wconf 89' lang='lat' dir='ltr'>propterea</span> <span class='ocrx_word' id='word_1_139' title='bbox 826 3109 1001 3187; x_wconf 89' lang='lat' dir='ltr'>quia,</span> <span class='ocrx_word' id='word_1_140' title='bbox 1036 3131 1202 3187; x_wconf 89' lang='lat' dir='ltr'>quae</span> <span class='ocrx_word' id='word_1_141' title='bbox 1235 3110 1562 3172; x_wconf 89' lang='lat' dir='ltr'>decedunt</span> <span class='ocrx_word' id='word_1_142' title='bbox 1596 3127 1873 3185; x_wconf 90' lang='lat' dir='ltr'>corpora</span> <span class='ocrx_word' id='word_1_143' title='bbox 1905 3106 2159 3184; x_wconf 91' lang='lat' dir='ltr'>cuique,</span> 
     </span>
     <span class='ocr_line' id='line_1_23' title="bbox 439 3216 2329 3296; baseline -0.001 -14"><span class='ocrx_word' id='word_1_144' title='bbox 439 3220 617 3283; x_wconf 90' lang='lat' dir='ltr'>unde</span> <span class='ocrx_word' id='word_1_145' title='bbox 649 3219 894 3283; x_wconf 91' lang='lat' dir='ltr'>abeunt</span> <span class='ocrx_word' id='word_1_146' title='bbox 924 3219 1255 3295; x_wconf 90' lang='lat' dir='ltr'>minuunt,</span> <span class='ocrx_word' id='word_1_147' title='bbox 1288 3238 1419 3296; x_wconf 90' lang='lat' dir='ltr'>quo</span> <span class='ocrx_word' id='word_1_148' title='bbox 1447 3239 1689 3281; x_wconf 89' lang='lat' dir='ltr'>uenere</span> <span class='ocrx_word' id='word_1_149' title='bbox 1722 3216 2028 3295; x_wconf 87' lang='lat' dir='ltr'>augmine</span> <span class='ocrx_word' id='word_1_150' title='bbox 2057 3216 2329 3293; x_wconf 89' lang='lat' dir='ltr'>donant,</span> 
     </span>
     <span class='ocr_line' id='line_1_24' title="bbox 441 3328 2143 3403; baseline -0.002 -12"><span class='ocrx_word' id='word_1_151' title='bbox 441 3329 558 3393; x_wconf 86' lang='lat' dir='ltr'>illa</span> <span class='ocrx_word' id='word_1_152' title='bbox 588 3342 918 3393; x_wconf 84' lang='grc'><strong>8011080010</strong></span> <span class='ocrx_word' id='word_1_153' title='bbox 951 3334 1020 3391; x_wconf 90' lang='lat' dir='ltr'>at</span> <span class='ocrx_word' id='word_1_154' title='bbox 1051 3330 1211 3391; x_wconf 87' lang='lat' dir='ltr'>haec</span> <span class='ocrx_word' id='word_1_155' title='bbox 1245 3334 1476 3391; x_wconf 91' lang='lat' dir='ltr'>contra</span> <span class='ocrx_word' id='word_1_156' title='bbox 1509 3328 1845 3390; x_wconf 89' lang='lat' dir='ltr'>florescere</span> <span class='ocrx_word' id='word_1_157' title='bbox 1880 3332 2143 3403; x_wconf 89' lang='lat' dir='ltr'>cogunt,</span> 
     </span>
    </p>

    <p class='ocr_par' dir='ltr' id='par_1_15' title="bbox 439 3438 2225 3737">
     <span class='ocr_line' id='line_1_25' title="bbox 440 3438 2225 3515; baseline -0.002 -14"><span class='ocrx_word' id='word_1_158' title='bbox 440 3460 558 3504; x_wconf 90' lang='lat' dir='ltr'>nec</span> <span class='ocrx_word' id='word_1_159' title='bbox 591 3445 1012 3503; x_wconf 87' lang='lat' dir='ltr'>remorantur</span> <span class='ocrx_word' id='word_1_160' title='bbox 1042 3438 1188 3515; x_wconf 91' lang='lat' dir='ltr'>ibi.)</span> <span class='ocrx_word' id='word_1_161' title='bbox 1271 3438 1365 3501; x_wconf 82' lang='lat' dir='ltr'>sic</span> <span class='ocrx_word' id='word_1_162' title='bbox 1396 3458 1620 3501; x_wconf 89' lang='lat' dir='ltr'>rerum</span> <span class='ocrx_word' id='word_1_163' title='bbox 1650 3457 1904 3499; x_wconf 90' lang='lat' dir='ltr'>summa</span> <span class='ocrx_word' id='word_1_164' title='bbox 1934 3442 2225 3499; x_wconf 90' lang='lat' dir='ltr'>nouatur</span> 
     </span>
     <span class='ocr_line' id='line_1_26' title="bbox 439 3546 1995 3627; baseline -0.001 -16"><span class='ocrx_word' id='word_1_165' title='bbox 439 3568 714 3627; x_wconf 89' lang='lat' dir='ltr'>semper,</span> <span class='ocrx_word' id='word_1_166' title='bbox 745 3555 810 3611; x_wconf 89' lang='lat' dir='ltr'>et</span> <span class='ocrx_word' id='word_1_167' title='bbox 839 3548 1025 3611; x_wconf 86' lang='lat' dir='ltr'>inter·</span> <span class='ocrx_word' id='word_1_168' title='bbox 1044 3568 1110 3611; x_wconf 91' lang='lat' dir='ltr'>se</span> <span class='ocrx_word' id='word_1_169' title='bbox 1140 3548 1450 3610; x_wconf 89' lang='lat' dir='ltr'>mortales</span> <span class='ocrx_word' id='word_1_170' title='bbox 1476 3553 1714 3610; x_wconf 88' lang='lat' dir='ltr'>mutua</span> <span class='ocrx_word' id='word_1_171' title='bbox 1737 3546 1995 3609; x_wconf 90' lang='lat' dir='ltr'>uiuont.</span> 
     </span>
     <span class='ocr_line' id='line_1_27' title="bbox 441 3656 1929 3737; baseline -0.005 -14"><span class='ocrx_word' id='word_1_172' title='bbox 441 3665 804 3737; x_wconf 84' lang='lat' dir='ltr'>augescunt</span> <span class='ocrx_word' id='word_1_173' title='bbox 837 3658 1003 3722; x_wconf 88' lang='lat' dir='ltr'>aliae</span> <span class='ocrx_word' id='word_1_174' title='bbox 1035 3664 1278 3735; x_wconf 83' lang='lat' dir='ltr'>gentes,</span> <span class='ocrx_word' id='word_1_175' title='bbox 1313 3656 1481 3721; x_wconf 90' lang='lat' dir='ltr'>aliae</span> <span class='ocrx_word' id='word_1_176' title='bbox 1511 3656 1929 3732; x_wconf 90' lang='lat' dir='ltr'>minuuntur,</span> 
     </span>
    </p>

    <p class='ocr_par' dir='ltr' id='par_1_16' title="bbox 440 3764 2193 3847">
     <span class='ocr_line' id='line_1_28' title="bbox 440 3764 2193 3847; baseline -0.003 -16"><span class='ocrx_word' id='word_1_177' title='bbox 440 3769 639 3847; x_wconf 89' lang='lat' dir='ltr'>inque</span> <span class='ocrx_word' id='word_1_178' title='bbox 674 3767 864 3831; x_wconf 92' lang='lat' dir='ltr'>breui</span> <span class='ocrx_word' id='word_1_179' title='bbox 899 3768 1115 3845; x_wconf 89' lang='lat' dir='ltr'>spatio</span> <span class='ocrx_word' id='word_1_180' title='bbox 1147 3772 1496 3830; x_wconf 89' lang='lat' dir='ltr'>mutantur</span> <span class='ocrx_word' id='word_1_181' title='bbox 1531 3767 1745 3829; x_wconf 88' lang='lat' dir='ltr'>saecla</span> <span class='ocrx_word' id='word_1_182' title='bbox 1780 3764 2193 3828; x_wconf 92' lang='lat' dir='ltr'>animantum</span> 
     </span>
    </p>

    <p class='ocr_par' dir='ltr' id='par_1_17' title="bbox 439 3872 1919 3956">
     <span class='ocr_line' id='line_1_29' title="bbox 439 3872 1919 3956; baseline -0.004 -13"><span class='ocrx_word' id='word_1_183' title='bbox 439 3886 504 3943; x_wconf 91' lang='lat' dir='ltr'>et</span> <span class='ocrx_word' id='word_1_184' title='bbox 537 3877 726 3956; x_wconf 89' lang='lat' dir='ltr'>quasi</span> <span class='ocrx_word' id='word_1_185' title='bbox 756 3896 1052 3941; x_wconf 88' lang='lat' dir='ltr'>cursores</span> <span class='ocrx_word' id='word_1_186' title='bbox 1080 3872 1250 3940; x_wconf 92' lang='lat' dir='ltr'>uitai</span> <span class='ocrx_word' id='word_1_187' title='bbox 1278 3877 1590 3954; x_wconf 89' lang='lat' dir='ltr'>lampada</span> <span class='ocrx_word' id='word_1_188' title='bbox 1619 3876 1919 3939; x_wconf 87' lang='lat' dir='ltr'>tradunt.</span> 
     </span>
    </p>
   </div>
   <div class='ocr_carea' id='block_1_7' title="bbox 1446 4260 1558 4311">
    <p class='ocr_par' dir='ltr' id='par_1_18' title="bbox 1446 4260 1558 4311">
     <span class='ocr_line' id='line_1_30' title="bbox 1446 4260 1558 4311; baseline 0 0"><span class='ocrx_word' id='word_1_189' title='bbox 1446 4260 1558 4311; x_wconf 86' lang='lat'><strong>[41]</strong></span> 
     </span>
    </p>
   </div>
   <div class='ocr_carea' id='block_1_8' title="bbox 2685 902 2753 952">
    <p class='ocr_par' dir='ltr' id='par_1_19' title="bbox 2685 902 2753 952">
     <span class='ocr_line' id='line_1_31' title="bbox 2685 902 2753 952; baseline 0 0"><span class='ocrx_word' id='word_1_190' title='bbox 2685 902 2753 952; x_wconf 88' lang='grc'>55</span> 
     </span>
    </p>
   </div>
   <div class='ocr_carea' id='block_1_9' title="bbox 2688 1451 2754 1500">
    <p class='ocr_par' dir='ltr' id='par_1_20' title="bbox 2688 1451 2754 1500">
     <span class='ocr_line' id='line_1_32' title="bbox 2688 1451 2754 1500; baseline -0.015 0"><span class='ocrx_word' id='word_1_191' title='bbox 2688 1451 2754 1500; x_wconf 90' lang='grc'><strong>60</strong></span> 
     </span>
    </p>
   </div>
   <div class='ocr_carea' id='block_1_10' title="bbox 2688 2337 2754 2386">
    <p class='ocr_par' dir='ltr' id='par_1_21' title="bbox 2688 2337 2754 2386">
     <span class='ocr_line' id='line_1_33' title="bbox 2688 2337 2754 2386; baseline -0.015 0"><span class='ocrx_word' id='word_1_192' title='bbox 2688 2337 2754 2386; x_wconf 89' lang='grc'>65</span> 
     </span>
    </p>
   </div>
   <div class='ocr_carea' id='block_1_11' title="bbox 2686 2882 2753 2933">
    <p class='ocr_par' dir='ltr' id='par_1_22' title="bbox 2686 2882 2753 2933">
     <span class='ocr_line' id='line_1_34' title="bbox 2686 2882 2753 2933; baseline -0.015 0"><span class='ocrx_word' id='word_1_193' title='bbox 2686 2882 2753 2933; x_wconf 84' lang='lat'>70</span> 
     </span>
    </p>
   </div>
   <div class='ocr_carea' id='block_1_12' title="bbox 2685 3431 2752 3482">
    <p class='ocr_par' dir='ltr' id='par_1_23' title="bbox 2685 3431 2752 3482">
     <span class='ocr_line' id='line_1_35' title="bbox 2685 3431 2752 3482; baseline -0.015 0"><span class='ocrx_word' id='word_1_194' title='bbox 2685 3431 2752 3482; x_wconf 84' lang='lat'>75</span> 
     </span>
    </p>
   </div>
  </div>
 </body>
</html>
