3182 4602
1255 475 1315 524 T.
1354 474 1679 526 LVCBETI
1715 474 1892 526 CARI

513 709 712 768 quam
744 710 976 754 rursus
1008 689 1224 767 refici3
1259 697 1669 769 quapropter
1701 691 1899 768 longa
1930 689 2063 753 diei

513 799 776 863 infinita
812 807 992 864 aetas
1027 800 1317 864 anteacti
1353 799 1669 879 temporis
1704 800 1913 863 omnis

513 911 689 988 quod
727 909 1034 988 fregisset
1071 911 1287 974 adhuc
1323 911 1708 974 disturbans
1740 909 2254 988 dissoluensque,

513 1039 874 1097 numquam
912 1020 1162 1084 relicuo
1200 1021 1501 1098 reparari
1539 1028 1835 1099 tempore
1873 1026 2109 1098 posset.
2731 1015 2835 1066 560

429 1135 585 1192 —at
618 1149 796 1192 nunc
828 1129 1146 1193 nimirum
1180 1128 1539 1208 frangendi
1571 1129 1837 1194 reddita
1868 1129 2021 1192 finis

515 1245 695 1302 certa
725 1246 968 1317 manet,
1002 1240 1312 1318 quoniam
1345 1239 1526 1303 refici
1558 1261 1699 1304 rem
1729 1261 2056 1318 quamque
2086 1239 2390 1303 uidemus

515 1355 581 1412 et
613 1348 805 1412 finita
837 1349 1033 1412 simul
1067 1350 1430 1429 generatim
1463 1357 1763 1428 tempora
1796 1351 1994 1412 rebus

515 1465 710 1536 stare,
747 1459 988 1536 quibus
1023 1460 1277 1537 possint
1311 1459 1460 1524 aeui
1493 1459 1874 1537 contingere
1910 1460 2153 1523 florem.

715 1565 815 1616 DE
855 1566 1097 1616 MOLLI
1137 1566 1454 1616 NATVRA
1492 1567 1703 1631 AQVA
1742 1566 1945 1616 AERE
1986 1566 2082 1616 ΕΤ
2123 1565 2438 1617 ΟΕΤΕΒῙΒ

555 1655 795 1718 —Huc
831 1655 1083 1718 accedit
1118 1655 1240 1732 uti,
1277 1654 1669 1718 solidissima
1705 1655 2010 1718 materiai
2730 1652 2838 1702 565

517 1784 794 1842 corpora
830 1785 977 1828 cum
1013 1771 1335 1841 constant,
1373 1764 1627 1842 possint
1661 1772 1883 1827 tamen
1920 1764 2139 1828 omnia
2174 1764 2365 1827 reddi

516 1873 741 1936 mollia
773 1894 939 1951 quae
969 1874 1160 1951 fiunt,
1195 1895 1307 1937 aer
1341 1895 1512 1952 aqua
1543 1881 1726 1938 terra
1757 1894 2057 1952 uaporeS,

518 2004 650 2061 quo
677 1990 874 2061 pacto
897 1984 1080 2060 fiant,
1113 1991 1176 2047 et
1208 2005 1338 2061 qua
1367 1983 1438 2047 ui
1469 2005 1767 2062 quaeque
1797 1991 2137 2063 gerantur,

518 2093 887 2156 admixtum
919 2093 1229 2171 quoniam
1261 2094 1456 2156 semel
1488 2101 1584 2157 est
1616 2094 1687 2155 in
1719 2095 1914 2157 rebus
1946 2094 2177 2170 inane;

519 2210 590 2266 at
623 2209 856 2266 contra
886 2203 941 2265 si
972 2204 1195 2266 mollia
1227 2204 1360 2266 sint
1395 2203 1762 2282 primordia
1794 2187 2036 2280 rerum,
2731 2200 2840 2250 5⁷0

517 2313 695 2376 unde
731 2320 976 2390 queant
1012 2312 1224 2375 ualidi
1260 2313 1474 2376 silices
1508 2313 1893 2391 ferrumque
1931 2314 2143 2378 creari

517 2443 650 2485 non
689 2422 934 2500 poterit
970 2423 1142 2485 ratio
1176 2423 1400 2499 reddi3
1437 2444 1593 2486 nam
1627 2422 1939 2486 funditus
1974 2423 2184 2487 omnis

518 2532 853 2611 principio
885 2531 1309 2595 fundamenti
1344 2540 1588 2596 natura
1624 2533 1891 2597 carebit.

432 2648 676 2705 —sunt
711 2642 920 2720 igitur
955 2642 1166 2705 solida
1199 2642 1517 2720 pollentia
1552 2643 1977 2720 simplicitate

519 2772 799 2830 quorum
834 2753 1160 2814 condenso
1194 2752 1402 2829 magis
1437 2752 1657 2815 omnia
1693 2752 2046 2815 conciliatu
2730 2750 2841 2799 575

520 2862 730 2925 artari
767 2868 1043 2940 possunt
1078 2861 1465 2938 ualidasque
1501 2862 1842 2925 ostendere
1877 2860 2062 2924 uiris.

409 2972 721 3049 '-porro
749 2970 806 3033 si
835 2972 1085 3034 nullast
1116 2970 1508 3048 frangendis
1540 2971 1803 3034 reddita
1836 2971 1987 3033 finis

519 3081 923 3159 corporibuS,
958 3088 1180 3143 tamen
1214 3102 1293 3143 ex
1329 3087 1597 3144 aeterno
1629 3088 1922 3158 tempore
1957 3100 2254 3157 quaeque

518 3211 696 3254 nunc
736 3190 935 3253 etiam
972 3210 1286 3268 superare
1326 3196 1645 3253 necessest
1684 3210 1960 3267 corpora
1998 3191 2213 3267 rebuS,

520 3321 687 3379 quae
723 3301 1018 3362 nondum
1055 3301 1319 3362 clueant
1356 3301 1492 3362 ullo
1530 3306 1855 3377 temptata
1893 3299 2158 3378 periclo.
2732 3297 2843 3347 580

519 3418 590 3474 at
624 3410 934 3488 quoniam
967 3409 1198 3486 fragili
1230 3416 1473 3472 natura
1508 3408 1813 3487 praedita
1848 3415 2171 3486 constant,

520 3521 853 3598 discrepat
890 3526 1231 3582 aeternum
1265 3525 1527 3596 tempus
1561 3518 1850 3597 potuisse
1885 3538 2148 3581 manere

521 3628 1115 3693 innumerabilibus
1152 3628 1368 3706 plagis
1402 3635 1643 3691 uexata
1681 3649 1800 3705 per
1836 3648 2082 3690 aeuom.

435 3740 803 3817 —denique
837 3739 967 3802 iam
1002 3738 1311 3816 quoniam
1347 3737 1711 3815 generatim
1746 3737 2008 3800 reddita
2041 3736 2192 3798 finis

521 3837 867 3914 crescendi
887 3850 1081 3911 rebus
1113 3854 1369 3939 constat
1400 3847 1739 3923 uitamque
1771 3846 2059 3923 tenendi,
2732 3842 2849 3893 5852

520 3967 586 4024 et
622 3959 784 4038 quid
819 3978 1115 4036 quaeque
1152 3964 1396 4035 queant
1432 3977 1551 4036 per
1587 3956 1858 4019 foedera
1891 3954 2179 4032 naturai,

542 4093 641 4143 561
666 4092 801 4154 fort.
834 4090 1175 4155 frangendis

542 4161 645 4211 585
666 4158 986 4210 crescendis

1530 4256 1644 4307 [20]
