3182 4602
1177 407 1237 456 T.
1279 405 1607 458 LVGRETI
1647 391 1824 456 CARI

427 621 635 685 terrai
667 621 868 685 maris
900 629 966 685 et
996 621 1160 686 caeli
1191 621 1575 700 generisque
1611 621 2044 686 animantum.

556 731 686 794 Hic
719 751 930 808 neque
961 738 1105 795 tum
1136 731 1290 794 solis
1323 739 1472 795 rota
1502 731 1684 795 cerni
1716 732 1965 795 lumine
1997 732 2184 809 largo

430 840 786 904 altiuolans
821 848 1083 920 poterat
1116 862 1234 905 nec
1268 841 1492 919 magni
1527 841 1749 905 sidera
1778 840 2013 904 mundi

430 971 549 1014 nec
580 971 762 1015 mare
791 972 910 1014 nec
942 951 1194 1043 caelum
1228 972 1346 1015 nec
1377 950 1664 1028 denique
1696 957 1878 1014 terra
1910 971 2121 1028 neque
2154 971 2266 1014 aer

429 1080 548 1124 nec
579 1060 811 1123 similis
843 1061 1087 1124 nostris
1117 1062 1314 1124 rebus
1343 1081 1446 1123 res
1477 1062 1618 1124 ulla
1648 1060 1885 1138 uideri,

430 1170 542 1233 sed
576 1191 752 1234 noua
783 1178 1139 1249 tempestas
1173 1172 1495 1248 quaedam
1526 1171 1855 1248 molesque
1889 1177 2113 1234 coorta

431 1280 796 1359 omnigenis
829 1303 863 1344 e
897 1280 1266 1359 principiis,
1302 1280 1635 1343 discordia
1668 1301 1946 1358 quorum

430 1390 791 1453 interualla
821 1390 970 1454 uias
1002 1411 1284 1454 conexus
1318 1390 1617 1467 pondera
1647 1391 1879 1468 plagas

431 1520 786 1563 concursus
820 1507 1038 1563 motus
1074 1501 1390 1563 turbabat
1425 1499 1678 1578 proelia
1713 1499 2007 1576 miscenS,

431 1616 706 1687 propter
743 1609 1079 1672 dissimilis
1115 1610 1366 1672 formas
1399 1609 1753 1687 uariasque
1789 1609 2040 1687 figuras

431 1719 608 1796 quod
638 1739 772 1781 non
803 1719 1023 1782 omnia
1052 1719 1144 1783 sic
1175 1725 1485 1798 poterant
1517 1719 1872 1782 coniuncta
1900 1739 2163 1782 manere

431 1849 549 1892 nec
583 1836 800 1893 motus
836 1828 1011 1892 inter
1045 1849 1181 1892 sese
1216 1829 1376 1892 dare
1410 1829 1881 1892 conuenientia

432 1938 757 2016 diffugere
796 1938 950 2002 inde
988 1937 1114 2002 loci
1152 1946 1378 2016 partes
1413 1959 1681 2016 coepere
1718 1958 2039 2017 paresque

432 2068 580 2111 cum
613 2048 888 2126 paribus
921 2048 1111 2126 iungi
1144 2069 1247 2112 res
1283 2055 1347 2112 et
1381 2049 1750 2112 discludere
1783 2049 2107 2111 mundum

431 2158 850 2235 membraque
886 2157 1186 2222 diuidere
1221 2165 1285 2221 et
1318 2179 1593 2236 magnas
1627 2158 1974 2236 disponere
2010 2165 2252 2236 parteS,

432 2267 551 2330 hoc
582 2274 697 2345 est,
731 2288 769 2331 a
797 2267 996 2331 terris
1029 2268 1237 2331 altum
1269 2288 1603 2333 secernere
1636 2270 1906 2346 caelum,

432 2384 496 2440 et
530 2398 785 2441 sorsum
819 2399 1018 2455 mare,
1053 2378 1156 2441 uti
1191 2386 1442 2441 secreto
1469 2356 1699 2441 umore
1738 2384 2016 2456 pateret,

431 2507 689 2550 seorsus
722 2488 880 2551 item
915 2488 1071 2567 puri
1105 2488 1465 2565 secretique
1501 2487 1785 2551 aetheris
1819 2488 2023 2565 ignes,

499 2609 504 2615 ·
561 2597 824 2675 Quippe
861 2597 1103 2661 etenim
1140 2598 1429 2676 primum
1465 2598 1673 2660 terrai
1709 2618 1989 2675 corpora
2024 2618 2337 2676 quaeque,

432 2713 788 2785 propterea
821 2707 995 2784 quod
1030 2714 1221 2770 erant
1255 2707 1493 2785 grauia
1525 2714 1591 2771 et
1624 2708 1959 2785 perplexa,
1996 2708 2259 2770 coibant

431 2815 505 2877 in
535 2816 751 2879 medio
781 2823 978 2893 atque
1011 2816 1174 2879 imas
1206 2816 1555 2894 capiebant
1586 2816 1809 2880 omnia
1839 2817 2055 2894 sedes3

433 2945 601 3002 quae
634 2933 884 3003 quanto
916 2926 1126 3004 magis
1157 2926 1332 2989 inter
1366 2947 1432 2989 se
1466 2928 1783 3004 perplexa
1818 2926 2099 3003 coibant,

432 3042 570 3098 tam
599 3035 810 3113 magis
840 3055 1214 3113 expressere
1246 3056 1321 3098 ea
1353 3055 1520 3113 quae
1551 3055 1731 3098 mare
1764 3036 1983 3099 sidera
2013 3037 2212 3098 solem

431 3144 789 3222 lunamque
823 3145 1150 3208 efficerent
1182 3152 1246 3208 et
1277 3145 1502 3223 magni
1533 3145 1791 3208 moenia
1823 3146 2074 3208 mundi.

435 3254 655 3317 omnia
683 3253 857 3316 enim
888 3254 1098 3331 magis
1127 3255 1287 3317 haec
1320 3274 1352 3315 e
1385 3254 1643 3317 leuibus
1676 3261 1872 3332 atque
1907 3255 2221 3317 rutundis

433 3362 792 3426 seminibus
823 3363 1160 3440 multoque
1193 3363 1553 3427 minoribu'
1587 3371 1745 3426 sunt
1780 3364 2116 3427 elementis

435 3492 632 3549 quam
663 3472 879 3536 tellus,

940 3582 1101 3645 Ideo
1133 3602 1253 3660 per
1286 3602 1440 3644 rara
1475 3582 1810 3646 foramina
1842 3589 2059 3647 terrae

436 3690 741 3768 partibus
776 3710 1126 3769 erumpens
1161 3691 1417 3768 primus
1449 3711 1515 3754 se
1549 3692 1821 3755 sustulit
1856 3695 2111 3770 aether,

437 3800 686 3878 ignifer
716 3809 781 3863 et
811 3802 1052 3863 multos
1082 3822 1299 3864 secum
1330 3801 1496 3863 leuis
1527 3801 1809 3879 apstulit
1841 3802 2033 3880 igniS,

461 3933 560 3982 440
583 3933 726 3993 vulg.
763 3947 924 3983 omne
957 3947 1134 3997 genus
1169 3933 1235 3982 de

459 4000 561 4050 458
583 4000 717 4062 fort.
754 4000 1012 4050 faucibus

1429 4179 1575 4232 [179]

2644 1057 2749 1106 435

2644 1276 2747 1325 440

2646 1826 2750 1875 445

2647 1935 2750 1984 437

2646 2154 2749 2203 439

2647 2704 2749 2753 450

2546 3236 2549 3241 ’
2648 3252 2753 3302 455
