3182 4602
1173 1457 1513 1509 LECTORI
1550 1457 1940 1509 MONITVM

552 1591 846 1643 Librorum
884 1609 1130 1644 summae
1159 1593 1460 1644 divisiones
1499 1593 1679 1653 spatio
1717 1593 1883 1643 trium
1922 1593 2188 1643 linearum
2226 1593 2587 1666 indicantur.⁴

549 1691 920 1744 Tractationis
983 1709 1229 1743 summae
1291 1693 1593 1743 divisiones
1655 1692 1869 1754 aequali
1932 1693 2111 1753 spatio
2166 1692 2333 1742 trium
2391 1692 2658 1743 linearum

452 1793 708 1844 similiter
762 1793 1094 1854 indicantur,
1144 1801 1202 1842 et
1249 1793 1497 1844 eiusdem
1544 1793 1836 1843 inferiores
1890 1793 2191 1844 divisiones
2236 1793 2447 1843 ordinis
2496 1793 2661 1853 primi

451 1893 628 1954 spatio
666 1896 896 1944 duarum
947 1893 1234 1954 linearum,
1286 1905 1342 1944 et
1390 1894 1601 1944 ordinis
1652 1893 1880 1944 secundi
1929 1893 2108 1954 spatio
2155 1893 2317 1944 unius
2366 1893 2563 1954 lineae,
2604 1903 2661 1944 et

449 2001 659 2053 ordinis
713 2001 863 2052 tertii
917 2001 1186 2052 incisione
1251 2002 1426 2052 lineae
1489 2002 1722 2062 primae,
1779 2010 1837 2051 et
1888 2001 2098 2052 ordinis
2152 2002 2332 2063 quarti
2384 2002 2662 2062 signatura

447 2101 666 2153 litterae
720 2101 971 2162 capitalis
1034 2101 1348 2162 incipientis
1408 2102 1741 2154 vocabulum
1805 2102 2043 2162 primum
2106 2101 2162 2151 in
2214 2119 2378 2153 versu
2440 2118 2660 2162 quoque

446 2201 626 2262 primo
663 2202 751 2253 cui
788 2202 1068 2262 praecedit
1104 2202 1272 2252 etiam
1329 2203 1527 2263 siglum
1549 2219 1633 2262 —;
1686 2213 1743 2252 et
1778 2202 1989 2253 ordinis
2026 2201 2202 2264 quinti
2240 2202 2517 2263 similiter,
2558 2205 2656 2253 sed

446 2303 565 2354 sine
602 2301 699 2353 illo
747 2303 914 2364 siglo;
965 2312 1021 2353 et
1074 2303 1284 2353 ordinis
1339 2303 1481 2354 sexti
1536 2303 1704 2354 simili
1759 2306 1927 2354 modo
1982 2306 2076 2353 sed
2130 2320 2256 2354 cum
2302 2303 2659 2354 inclinatione

442 2401 665 2453 litterae
693 2402 923 2463 primae,
953 2402 1226 2454 vocabula
1261 2412 1444 2453 autem
1483 2402 1663 2463 prima
1698 2420 1822 2453 cum
1862 2403 2047 2453 littera
2083 2402 2260 2462 prima
2296 2402 2521 2463 capitali
2549 2420 2658 2453 non

441 2501 737 2562 incipiunt.
811 2501 1030 2563 Singula
1077 2503 1326 2553 membra
1374 2503 1659 2553 cuiusdam
1710 2502 1921 2553 ordinis
1969 2502 2156 2553 littera
2208 2502 2471 2553 inclinata
2522 2501 2657 2553 inci·

445 2603 630 2663 piunt;
683 2603 1068 2654 conclusiones
1122 2603 1417 2664 aliquando
1465 2603 1992 2664 siglo—notantur.
2066 2602 2279 2653 Versus
2316 2602 2531 2653 uncinis
2576 2603 2657 2653 in-

443 2702 584 2753 clusi
638 2719 860 2753 cursum
916 2703 1262 2753 tractationis
1326 2712 1640 2764 morantur;
1698 2720 1823 2753 cum
1879 2702 2031 2764 siglis
2074 2700 2092 2765 ΙΙ
2141 2700 2160 2765 ΙΙ
2203 2713 2415 2774 rectum
2472 2703 2655 2753 locum

443 2819 557 2852 non
592 2802 826 2862 habent3
867 2819 990 2852 cum
1028 2803 1179 2867 siglis
1213 2801 1236 2866 [
1267 2800 1290 2866 ]
1325 2802 1750 2864 interpolantur.
1826 2801 1995 2853 Stella
2031 2802 2281 2853 lacunam
2319 2803 2547 2853 indicat.
