<?xml version="1.0" encoding="UTF-8"?>
<!DOCTYPE html PUBLIC "-//W3C//DTD XHTML 1.0 Transitional//EN"
    "http://www.w3.org/TR/xhtml1/DTD/xhtml1-transitional.dtd">
<html xmlns="http://www.w3.org/1999/xhtml" xml:lang="en" lang="en">
 <head>
  <title>
</title>
<meta http-equiv="Content-Type" content="text/html;charset=utf-8" />
  <meta name='ocr-system' content='tesseract 3.04.00' />
  <meta name='ocr-capabilities' content='ocr_page ocr_carea ocr_par ocr_line ocrx_word'/>
</head>
<body>
  <div class='ocr_page' id='page_1' title='image "./lvcretiderervmn00unkngoog_0039.png"; bbox 0 0 3182 4602; ppageno 0'>
   <div class='ocr_carea' id='block_1_1' title="bbox 1365 319 2003 371">
    <p class='ocr_par' dir='ltr' id='par_1_1' title="bbox 1365 319 2003 371">
     <span class='ocr_line' id='line_1_1' title="bbox 1365 319 2003 371; baseline 0.003 -3"><span class='ocrx_word' id='word_1_1' title='bbox 1365 319 1424 368; x_wconf 88' lang='lat' dir='ltr'><strong>T.</strong></span> <span class='ocrx_word' id='word_1_2' title='bbox 1462 319 1789 371; x_wconf 82' lang='lat' dir='ltr'><strong>LVCRETI</strong></span> <span class='ocrx_word' id='word_1_3' title='bbox 1824 319 2003 370; x_wconf 77' lang='lat' dir='ltr'><strong><em>CARI</em></strong></span> 
     </span>
    </p>
   </div>
   <div class='ocr_carea' id='block_1_2' title="bbox 548 539 2953 3352">
    <p class='ocr_par' dir='ltr' id='par_1_2' title="bbox 548 539 2953 3352">
     <span class='ocr_line' id='line_1_2' title="bbox 622 539 2101 613; baseline 0.002 -18"><span class='ocrx_word' id='word_1_4' title='bbox 622 539 934 596; x_wconf 89' lang='lat' dir='ltr'><strong>naturam</strong></span> <span class='ocrx_word' id='word_1_5' title='bbox 967 553 1072 597; x_wconf 87' lang='lat' dir='ltr'><strong>res</strong></span> <span class='ocrx_word' id='word_1_6' title='bbox 1103 540 1169 598; x_wconf 91' lang='lat' dir='ltr'><strong>et</strong></span> <span class='ocrx_word' id='word_1_7' title='bbox 1202 541 1603 598; x_wconf 85' lang='lat' dir='ltr'><strong>conuertunt</strong></span> <span class='ocrx_word' id='word_1_8' title='bbox 1637 553 1915 613; x_wconf 90' lang='lat' dir='ltr'><strong>corpora</strong></span> <span class='ocrx_word' id='word_1_9' title='bbox 1946 553 2101 611; x_wconf 86' lang='lat' dir='ltr'><strong>sese,</strong></span> 
     </span>
     <span class='ocr_line' id='line_1_3' title="bbox 623 642 2300 723; baseline 0.001 -19"><span class='ocrx_word' id='word_1_10' title='bbox 623 642 788 705; x_wconf 90' lang='lat' dir='ltr'><strong>scire</strong></span> <span class='ocrx_word' id='word_1_11' title='bbox 819 643 972 707; x_wconf 91' lang='lat' dir='ltr'><strong>licet</strong></span> <span class='ocrx_word' id='word_1_12' title='bbox 1004 664 1136 707; x_wconf 92' lang='lat' dir='ltr'><strong>non</strong></span> <span class='ocrx_word' id='word_1_13' title='bbox 1168 663 1303 708; x_wconf 86' lang='lat' dir='ltr'><strong>esse</strong></span> <span class='ocrx_word' id='word_1_14' title='bbox 1334 646 1492 708; x_wconf 87' lang='lat' dir='ltr'><strong>haec</strong></span> <span class='ocrx_word' id='word_1_15' title='bbox 1525 643 1722 723; x_wconf 89' lang='lat' dir='ltr'><strong>ignea</strong></span> <span class='ocrx_word' id='word_1_16' title='bbox 1750 664 2028 723; x_wconf 91' lang='lat' dir='ltr'><strong>corpora</strong></span> <span class='ocrx_word' id='word_1_17' title='bbox 2057 663 2300 707; x_wconf 89' lang='lat' dir='ltr'><strong>rerum.</strong></span> 
     </span>
     <span class='ocr_line' id='line_1_4' title="bbox 624 749 2945 832; baseline 0.001 -18"><span class='ocrx_word' id='word_1_18' title='bbox 624 752 722 814; x_wconf 77' lang='lat' dir='ltr'><strong>nil</strong></span> <span class='ocrx_word' id='word_1_19' title='bbox 752 752 1036 817; x_wconf 79' lang='lat' dir='ltr'><strong>referret</strong></span> <span class='ocrx_word' id='word_1_20' title='bbox 1069 753 1244 818; x_wconf 87' lang='lat' dir='ltr'><strong>enim</strong></span> <span class='ocrx_word' id='word_1_21' title='bbox 1277 755 1604 832; x_wconf 86' lang='lat' dir='ltr'><strong>quaedam</strong></span> <span class='ocrx_word' id='word_1_22' title='bbox 1634 755 1965 831; x_wconf 81' lang='lat' dir='ltr'><strong>decedere,</strong></span> <span class='ocrx_word' id='word_1_23' title='bbox 1998 753 2199 831; x_wconf 90' lang='lat' dir='ltr'><strong>abire,</strong></span> <span class='ocrx_word' id='word_1_24' title='bbox 2844 749 2945 799; x_wconf 84' lang='lat'><strong>680</strong></span> 
     </span>
     <span class='ocr_line' id='line_1_5' title="bbox 625 863 2393 942; baseline -0.001 -17"><span class='ocrx_word' id='word_1_25' title='bbox 625 870 823 940; x_wconf 89' lang='lat' dir='ltr'><strong>atque</strong></span> <span class='ocrx_word' id='word_1_26' title='bbox 857 863 992 926; x_wconf 89' lang='lat' dir='ltr'><strong>alia</strong></span> <span class='ocrx_word' id='word_1_27' title='bbox 1023 863 1339 940; x_wconf 82' lang='lat' dir='ltr'><strong>adtribui,</strong></span> <span class='ocrx_word' id='word_1_28' title='bbox 1374 864 1751 942; x_wconf 82' lang='lat' dir='ltr'><strong>mutarique</strong></span> <span class='ocrx_word' id='word_1_29' title='bbox 1787 863 2016 928; x_wconf 89' lang='lat' dir='ltr'><strong>ordine</strong></span> <span class='ocrx_word' id='word_1_30' title='bbox 2050 864 2393 942; x_wconf 87' lang='lat' dir='ltr'><strong>quaedam,</strong></span> 
     </span>
     <span class='ocr_line' id='line_1_6' title="bbox 623 971 2213 1050; baseline 0.001 -16"><span class='ocrx_word' id='word_1_31' title='bbox 623 971 681 1034; x_wconf 91' lang='lat' dir='ltr'><strong>si</strong></span> <span class='ocrx_word' id='word_1_32' title='bbox 714 979 936 1036; x_wconf 86' lang='lat' dir='ltr'><strong>tamen</strong></span> <span class='ocrx_word' id='word_1_33' title='bbox 967 971 1228 1036; x_wconf 89' lang='lat' dir='ltr'><strong>ardoris</strong></span> <span class='ocrx_word' id='word_1_34' title='bbox 1258 980 1570 1037; x_wconf 90' lang='lat' dir='ltr'><strong>naturam</strong></span> <span class='ocrx_word' id='word_1_35' title='bbox 1604 979 1846 1037; x_wconf 89' lang='lat' dir='ltr'><strong>cuncta</strong></span> <span class='ocrx_word' id='word_1_36' title='bbox 1876 977 2213 1050; x_wconf 83' lang='lat' dir='ltr'><strong>tenerent3</strong></span> 
     </span>
     <span class='ocr_line' id='line_1_7' title="bbox 595 1080 2539 1162; baseline 0.001 -20"><span class='ocrx_word' id='word_1_37' title='bbox 595 1080 802 1159; x_wconf 91' lang='lat' dir='ltr'><strong>(ignis</strong></span> <span class='ocrx_word' id='word_1_38' title='bbox 837 1081 1011 1146; x_wconf 92' lang='lat' dir='ltr'><strong>enim</strong></span> <span class='ocrx_word' id='word_1_39' title='bbox 1047 1080 1223 1146; x_wconf 83' lang='lat' dir='ltr'><strong>foret</strong></span> <span class='ocrx_word' id='word_1_40' title='bbox 1259 1083 1649 1147; x_wconf 88' lang='lat' dir='ltr'><strong>omnimodis</strong></span> <span class='ocrx_word' id='word_1_41' title='bbox 1685 1083 2139 1162; x_wconf 88' lang='lat' dir='ltr'><strong>quodcumque</strong></span> <span class='ocrx_word' id='word_1_42' title='bbox 2174 1083 2539 1159; x_wconf 89' lang='lat' dir='ltr'><strong>crearent).</strong></span> 
     </span>
     <span class='ocr_line' id='line_1_8' title="bbox 625 1192 2677 1271; baseline 0 -17"><span class='ocrx_word' id='word_1_43' title='bbox 625 1211 880 1268; x_wconf 84' lang='lat' dir='ltr'><strong>uerum,</strong></span> <span class='ocrx_word' id='word_1_44' title='bbox 913 1199 989 1254; x_wconf 99' lang='lat' dir='ltr'><strong>ut</strong></span> <span class='ocrx_word' id='word_1_45' title='bbox 1021 1192 1276 1270; x_wconf 88' lang='lat' dir='ltr'><strong>opinor,</strong></span> <span class='ocrx_word' id='word_1_46' title='bbox 1308 1192 1500 1256; x_wconf 82' lang='lat' dir='ltr'><strong>itast:</strong></span> <span class='ocrx_word' id='word_1_47' title='bbox 1535 1199 1692 1256; x_wconf 89' lang='lat' dir='ltr'><strong>sunt</strong></span> <span class='ocrx_word' id='word_1_48' title='bbox 1726 1193 2048 1271; x_wconf 87' lang='lat' dir='ltr'><strong>quaedam</strong></span> <span class='ocrx_word' id='word_1_49' title='bbox 2080 1212 2358 1271; x_wconf 89' lang='lat' dir='ltr'><strong>corpora</strong></span> <span class='ocrx_word' id='word_1_50' title='bbox 2390 1211 2677 1270; x_wconf 90' lang='lat' dir='ltr'><strong>quorum</strong></span> 
     </span>
     <span class='ocr_line' id='line_1_9' title="bbox 628 1299 2949 1380; baseline 0.001 -16"><span class='ocrx_word' id='word_1_51' title='bbox 628 1320 986 1364; x_wconf 83' lang='lat' dir='ltr'><strong>concursus</strong></span> <span class='ocrx_word' id='word_1_52' title='bbox 1016 1307 1235 1364; x_wconf 88' lang='lat' dir='ltr'><strong>motus</strong></span> <span class='ocrx_word' id='word_1_53' title='bbox 1267 1302 1430 1364; x_wconf 90' lang='lat' dir='ltr'><strong>ordo</strong></span> <span class='ocrx_word' id='word_1_54' title='bbox 1462 1302 1767 1380; x_wconf 91' lang='lat' dir='ltr'><strong>positura</strong></span> <span class='ocrx_word' id='word_1_55' title='bbox 1798 1301 2049 1380; x_wconf 83' lang='lat' dir='ltr'><strong>figurae</strong></span> <span class='ocrx_word' id='word_1_56' title='bbox 2847 1299 2949 1347; x_wconf 84' lang='lat'><strong>685</strong></span> 
     </span>
     <span class='ocr_line' id='line_1_10' title="bbox 629 1409 2125 1490; baseline 0.001 -17"><span class='ocrx_word' id='word_1_57' title='bbox 629 1409 917 1473; x_wconf 84' lang='lat' dir='ltr'><strong>efficiunt</strong></span> <span class='ocrx_word' id='word_1_58' title='bbox 953 1410 1144 1488; x_wconf 77' lang='lat' dir='ltr'><strong>igniS,</strong></span> <span class='ocrx_word' id='word_1_59' title='bbox 1179 1418 1563 1490; x_wconf 86' lang='lat' dir='ltr'><strong>mutatoque</strong></span> <span class='ocrx_word' id='word_1_60' title='bbox 1597 1411 1829 1476; x_wconf 92' lang='lat' dir='ltr'><strong>ordine</strong></span> <span class='ocrx_word' id='word_1_61' title='bbox 1862 1418 2125 1474; x_wconf 89' lang='lat' dir='ltr'><strong>mutant</strong></span> 
     </span>
     <span class='ocr_line' id='line_1_11' title="bbox 627 1519 2272 1599; baseline 0.001 -19"><span class='ocrx_word' id='word_1_62' title='bbox 627 1526 939 1582; x_wconf 89' lang='lat' dir='ltr'><strong>naturam</strong></span> <span class='ocrx_word' id='word_1_63' title='bbox 968 1540 1179 1598; x_wconf 88' lang='lat' dir='ltr'><strong>neque</strong></span> <span class='ocrx_word' id='word_1_64' title='bbox 1209 1528 1366 1584; x_wconf 88' lang='lat' dir='ltr'><strong>sunt</strong></span> <span class='ocrx_word' id='word_1_65' title='bbox 1397 1521 1538 1599; x_wconf 85' lang='lat' dir='ltr'><strong>igni</strong></span> <span class='ocrx_word' id='word_1_66' title='bbox 1567 1521 1879 1584; x_wconf 86' lang='lat' dir='ltr'><strong>simulata</strong></span> <span class='ocrx_word' id='word_1_67' title='bbox 1907 1540 2117 1598; x_wconf 87' lang='lat' dir='ltr'><strong>neque</strong></span> <span class='ocrx_word' id='word_1_68' title='bbox 2147 1519 2272 1583; x_wconf 91' lang='lat' dir='ltr'><strong>ulli</strong></span> 
     </span>
     <span class='ocr_line' id='line_1_12' title="bbox 630 1629 2142 1708; baseline 0.002 -18"><span class='ocrx_word' id='word_1_69' title='bbox 630 1637 973 1707; x_wconf 88' lang='lat' dir='ltr'><strong>praeterea</strong></span> <span class='ocrx_word' id='word_1_70' title='bbox 1004 1629 1102 1692; x_wconf 93' lang='lat' dir='ltr'><strong>rei</strong></span> <span class='ocrx_word' id='word_1_71' title='bbox 1135 1650 1302 1707; x_wconf 92' lang='lat' dir='ltr'><strong>quae</strong></span> <span class='ocrx_word' id='word_1_72' title='bbox 1335 1650 1613 1708; x_wconf 89' lang='lat' dir='ltr'><strong>corpora</strong></span> <span class='ocrx_word' id='word_1_73' title='bbox 1642 1630 1905 1694; x_wconf 86' lang='lat' dir='ltr'><strong>mittere</strong></span> <span class='ocrx_word' id='word_1_74' title='bbox 1936 1630 2142 1708; x_wconf 89' lang='lat' dir='ltr'><strong>possit</strong></span> 
     </span>
     <span class='ocr_line' id='line_1_13' title="bbox 628 1738 2181 1818; baseline 0.002 -18"><span class='ocrx_word' id='word_1_75' title='bbox 628 1738 926 1802; x_wconf 89' lang='lat' dir='ltr'><strong>sensibus</strong></span> <span class='ocrx_word' id='word_1_76' title='bbox 956 1745 1021 1802; x_wconf 89' lang='lat' dir='ltr'><strong>et</strong></span> <span class='ocrx_word' id='word_1_77' title='bbox 1053 1745 1314 1802; x_wconf 89' lang='lat' dir='ltr'><strong>nostros</strong></span> <span class='ocrx_word' id='word_1_78' title='bbox 1343 1739 1608 1803; x_wconf 90' lang='lat' dir='ltr'><strong>adiectu</strong></span> <span class='ocrx_word' id='word_1_79' title='bbox 1639 1747 1911 1818; x_wconf 88' lang='lat' dir='ltr'><strong>tangere</strong></span> <span class='ocrx_word' id='word_1_80' title='bbox 1940 1746 2181 1803; x_wconf 87' lang='lat' dir='ltr'><strong>tactus.</strong></span> 
     </span>
     <span class='ocr_line' id='line_1_14' title="bbox 672 1833 2947 1926; baseline 0.001 -17"><span class='ocrx_word' id='word_1_81' title='bbox 672 1848 991 1910; x_wconf 90' lang='lat' dir='ltr'><strong>—Dicere</strong></span> <span class='ocrx_word' id='word_1_82' title='bbox 1027 1868 1227 1926; x_wconf 89' lang='lat' dir='ltr'><strong>porro</strong></span> <span class='ocrx_word' id='word_1_83' title='bbox 1261 1848 1480 1926; x_wconf 81' lang='lat' dir='ltr'><strong>ignem</strong></span> <span class='ocrx_word' id='word_1_84' title='bbox 1518 1869 1624 1911; x_wconf 89' lang='lat' dir='ltr'><strong>res</strong></span> <span class='ocrx_word' id='word_1_85' title='bbox 1658 1849 1867 1911; x_wconf 91' lang='lat' dir='ltr'><strong>omnis</strong></span> <span class='ocrx_word' id='word_1_86' title='bbox 1902 1867 2037 1912; x_wconf 89' lang='lat' dir='ltr'><strong>csse</strong></span> <span class='ocrx_word' id='word_1_87' title='bbox 2073 1869 2284 1926; x_wconf 91' lang='lat' dir='ltr'><strong>neque</strong></span> <span class='ocrx_word' id='word_1_88' title='bbox 2320 1849 2527 1912; x_wconf 90' lang='lat' dir='ltr'><strong>ullam</strong></span> <span class='ocrx_word' id='word_1_89' title='bbox 2725 1833 2733 1840; x_wconf 43' lang='lat'>¹</span> <span class='ocrx_word' id='word_1_90' title='bbox 2850 1847 2947 1896; x_wconf 88' lang='grc'><strong>690</strong></span> 
     </span>
     <span class='ocr_line' id='line_1_15' title="bbox 631 1957 2460 2037; baseline 0.001 -18"><span class='ocrx_word' id='word_1_91' title='bbox 631 1977 770 2019; x_wconf 88' lang='lat' dir='ltr'><strong>rem</strong></span> <span class='ocrx_word' id='word_1_92' title='bbox 802 1977 1030 2021; x_wconf 88' lang='lat' dir='ltr'><strong>ueram</strong></span> <span class='ocrx_word' id='word_1_93' title='bbox 1063 1958 1134 2019; x_wconf 91' lang='lat' dir='ltr'><strong>in</strong></span> <span class='ocrx_word' id='word_1_94' title='bbox 1166 1978 1440 2022; x_wconf 90' lang='lat' dir='ltr'><strong>numero</strong></span> <span class='ocrx_word' id='word_1_95' title='bbox 1473 1979 1696 2021; x_wconf 90' lang='lat' dir='ltr'><strong>rerum</strong></span> <span class='ocrx_word' id='word_1_96' title='bbox 1730 1965 2029 2021; x_wconf 86' lang='lat' dir='ltr'><strong>constare</strong></span> <span class='ocrx_word' id='word_1_97' title='bbox 2060 1957 2191 2020; x_wconf 88' lang='lat' dir='ltr'><strong>nisi</strong></span> <span class='ocrx_word' id='word_1_98' title='bbox 2223 1959 2460 2037; x_wconf 84' lang='lat' dir='ltr'><strong>ignem,</strong></span> 
     </span>
     <span class='ocr_line' id='line_1_16' title="bbox 633 2067 2292 2146; baseline 0 -16"><span class='ocrx_word' id='word_1_99' title='bbox 633 2069 807 2144; x_wconf 91' lang='lat' dir='ltr'><strong>quod</strong></span> <span class='ocrx_word' id='word_1_100' title='bbox 838 2067 1005 2130; x_wconf 80' lang='lat' dir='ltr'><strong>facit</strong></span> <span class='ocrx_word' id='word_1_101' title='bbox 1034 2067 1141 2130; x_wconf 93' lang='lat' dir='ltr'><strong>hic</strong></span> <span class='ocrx_word' id='word_1_102' title='bbox 1173 2067 1364 2144; x_wconf 91' lang='lat' dir='ltr'><strong>idem,</strong></span> <span class='ocrx_word' id='word_1_103' title='bbox 1399 2067 1805 2146; x_wconf 88' lang='lat' dir='ltr'><strong>perdelirum</strong></span> <span class='ocrx_word' id='word_1_104' title='bbox 1835 2087 1970 2131; x_wconf 85' lang='lat' dir='ltr'><strong>esse</strong></span> <span class='ocrx_word' id='word_1_105' title='bbox 2000 2067 2292 2130; x_wconf 89' lang='lat' dir='ltr'><strong>uidetur.</strong></span> 
     </span>
     <span class='ocr_line' id='line_1_17' title="bbox 548 2177 2297 2256; baseline 0.001 -18"><span class='ocrx_word' id='word_1_106' title='bbox 548 2196 787 2239; x_wconf 62' lang='lat' dir='ltr'><strong>—mam</strong></span> <span class='ocrx_word' id='word_1_107' title='bbox 821 2184 1052 2240; x_wconf 87' lang='lat' dir='ltr'><strong>contra</strong></span> <span class='ocrx_word' id='word_1_108' title='bbox 1086 2197 1314 2240; x_wconf 91' lang='lat' dir='ltr'><strong>sensus</strong></span> <span class='ocrx_word' id='word_1_109' title='bbox 1347 2179 1428 2240; x_wconf 89' lang='lat' dir='ltr'><strong>ab</strong></span> <span class='ocrx_word' id='word_1_110' title='bbox 1461 2177 1761 2240; x_wconf 89' lang='lat' dir='ltr'><strong>sensibus</strong></span> <span class='ocrx_word' id='word_1_111' title='bbox 1792 2177 1931 2256; x_wconf 90' lang='lat' dir='ltr'><strong>ipse</strong></span> <span class='ocrx_word' id='word_1_112' title='bbox 1965 2184 2297 2255; x_wconf 82' lang='lat' dir='ltr'><strong>repugnat</strong></span> 
     </span>
     <span class='ocr_line' id='line_1_18' title="bbox 635 2285 2335 2366; baseline 0 -16"><span class='ocrx_word' id='word_1_113' title='bbox 635 2293 698 2350; x_wconf 86' lang='lat' dir='ltr'><strong>et</strong></span> <span class='ocrx_word' id='word_1_114' title='bbox 729 2285 1091 2351; x_wconf 82' lang='lat' dir='ltr'><strong>labefactat</strong></span> <span class='ocrx_word' id='word_1_115' title='bbox 1121 2308 1245 2365; x_wconf 91' lang='lat' dir='ltr'><strong>eos,</strong></span> <span class='ocrx_word' id='word_1_116' title='bbox 1277 2288 1455 2351; x_wconf 91' lang='lat' dir='ltr'><strong>unde</strong></span> <span class='ocrx_word' id='word_1_117' title='bbox 1487 2286 1705 2351; x_wconf 87' lang='lat' dir='ltr'><strong>omnia</strong></span> <span class='ocrx_word' id='word_1_118' title='bbox 1737 2286 1991 2351; x_wconf 87' lang='lat' dir='ltr'><strong>credita</strong></span> <span class='ocrx_word' id='word_1_119' title='bbox 2023 2288 2335 2366; x_wconf 81' lang='lat' dir='ltr'><strong>pendent,</strong></span> 
     </span>
     <span class='ocr_line' id='line_1_19' title="bbox 635 2395 2951 2475; baseline -0 -16"><span class='ocrx_word' id='word_1_120' title='bbox 635 2396 812 2459; x_wconf 91' lang='lat' dir='ltr'><strong>unde</strong></span> <span class='ocrx_word' id='word_1_121' title='bbox 844 2396 951 2459; x_wconf 90' lang='lat' dir='ltr'><strong>hic</strong></span> <span class='ocrx_word' id='word_1_122' title='bbox 982 2397 1286 2475; x_wconf 89' lang='lat' dir='ltr'><strong>cognitus</strong></span> <span class='ocrx_word' id='word_1_123' title='bbox 1316 2404 1412 2460; x_wconf 89' lang='lat' dir='ltr'><strong>cst</strong></span> <span class='ocrx_word' id='word_1_124' title='bbox 1444 2396 1573 2475; x_wconf 88' lang='lat' dir='ltr'><strong>ipsi</strong></span> <span class='ocrx_word' id='word_1_125' title='bbox 1608 2417 1799 2474; x_wconf 90' lang='lat' dir='ltr'><strong>quem</strong></span> <span class='ocrx_word' id='word_1_126' title='bbox 1832 2396 2130 2460; x_wconf 90' lang='lat' dir='ltr'><strong>nominat</strong></span> <span class='ocrx_word' id='word_1_127' title='bbox 2163 2397 2415 2474; x_wconf 89' lang='lat' dir='ltr'><strong>ignem;</strong></span> <span class='ocrx_word' id='word_1_128' title='bbox 2850 2395 2951 2445; x_wconf 82' lang='lat'><strong>695</strong></span> 
     </span>
     <span class='ocr_line' id='line_1_20' title="bbox 606 2506 2201 2584; baseline 0.001 -16"><span class='ocrx_word' id='word_1_129' title='bbox 606 2506 850 2582; x_wconf 90' lang='lat' dir='ltr'><strong>(credit</strong></span> <span class='ocrx_word' id='word_1_130' title='bbox 886 2506 1060 2569; x_wconf 90' lang='lat' dir='ltr'><strong>enim</strong></span> <span class='ocrx_word' id='word_1_131' title='bbox 1092 2526 1321 2569; x_wconf 88' lang='lat' dir='ltr'><strong>sensus</strong></span> <span class='ocrx_word' id='word_1_132' title='bbox 1353 2506 1573 2584; x_wconf 89' lang='lat' dir='ltr'><strong>ignem</strong></span> <span class='ocrx_word' id='word_1_133' title='bbox 1608 2526 1991 2584; x_wconf 86' lang='lat' dir='ltr'><strong>cognoscere</strong></span> <span class='ocrx_word' id='word_1_134' title='bbox 2026 2527 2201 2583; x_wconf 84' lang='lat' dir='ltr'><strong>uere,</strong></span> 
     </span>
     <span class='ocr_line' id='line_1_21' title="bbox 637 2615 2307 2693; baseline 0 -15"><span class='ocrx_word' id='word_1_135' title='bbox 637 2622 855 2678; x_wconf 85' lang='lat' dir='ltr'><strong>cetera</strong></span> <span class='ocrx_word' id='word_1_136' title='bbox 883 2635 1016 2677; x_wconf 92' lang='lat' dir='ltr'><strong>non</strong></span> <span class='ocrx_word' id='word_1_137' title='bbox 1046 2615 1275 2691; x_wconf 89' lang='lat' dir='ltr'><strong>credit,</strong></span> <span class='ocrx_word' id='word_1_138' title='bbox 1307 2636 1475 2693; x_wconf 85' lang='lat' dir='ltr'><strong>quae</strong></span> <span class='ocrx_word' id='word_1_139' title='bbox 1506 2616 1643 2678; x_wconf 92' lang='lat' dir='ltr'><strong>nilo</strong></span> <span class='ocrx_word' id='word_1_140' title='bbox 1674 2616 1853 2679; x_wconf 92' lang='lat' dir='ltr'><strong>clara</strong></span> <span class='ocrx_word' id='word_1_141' title='bbox 1882 2616 2101 2678; x_wconf 90' lang='lat' dir='ltr'><strong>minus</strong></span> <span class='ocrx_word' id='word_1_142' title='bbox 2132 2622 2307 2678; x_wconf 90' lang='lat' dir='ltr'><strong>sunt.</strong></span> 
     </span>
     <span class='ocr_line' id='line_1_22' title="bbox 639 2724 2491 2802; baseline 0 -15"><span class='ocrx_word' id='word_1_143' title='bbox 639 2725 814 2802; x_wconf 93' lang='lat' dir='ltr'><strong>quod</strong></span> <span class='ocrx_word' id='word_1_144' title='bbox 845 2725 1008 2786; x_wconf 92' lang='lat' dir='ltr'><strong>mihi</strong></span> <span class='ocrx_word' id='word_1_145' title='bbox 1042 2746 1189 2787; x_wconf 90' lang='lat' dir='ltr'><strong>cum</strong></span> <span class='ocrx_word' id='word_1_146' title='bbox 1222 2745 1472 2787; x_wconf 90' lang='lat' dir='ltr'><strong>uanum</strong></span> <span class='ocrx_word' id='word_1_147' title='bbox 1503 2731 1649 2787; x_wconf 90' lang='lat' dir='ltr'><strong>tum</strong></span> <span class='ocrx_word' id='word_1_148' title='bbox 1682 2725 1965 2788; x_wconf 89' lang='lat' dir='ltr'><strong>delirum</strong></span> <span class='ocrx_word' id='word_1_149' title='bbox 1999 2745 2133 2789; x_wconf 88' lang='lat' dir='ltr'><strong>esse</strong></span> <span class='ocrx_word' id='word_1_150' title='bbox 2166 2724 2491 2801; x_wconf 89' lang='lat' dir='ltr'><strong>uidetur.)</strong></span> 
     </span>
     <span class='ocr_line' id='line_1_23' title="bbox 640 2834 2312 2913; baseline 0 -16"><span class='ocrx_word' id='word_1_151' title='bbox 640 2855 769 2913; x_wconf 80' lang='lat' dir='ltr'><strong>quo</strong></span> <span class='ocrx_word' id='word_1_152' title='bbox 803 2834 1166 2898; x_wconf 83' lang='lat' dir='ltr'><strong>referemus</strong></span> <span class='ocrx_word' id='word_1_153' title='bbox 1200 2834 1417 2897; x_wconf 72' lang='lat' dir='ltr'><strong>enim?</strong></span> <span class='ocrx_word' id='word_1_154' title='bbox 1453 2835 1615 2912; x_wconf 90' lang='lat' dir='ltr'><strong>quid</strong></span> <span class='ocrx_word' id='word_1_155' title='bbox 1652 2834 1837 2897; x_wconf 92' lang='lat' dir='ltr'><strong>nobis</strong></span> <span class='ocrx_word' id='word_1_156' title='bbox 1871 2834 2118 2898; x_wconf 89' lang='lat' dir='ltr'><strong>certius</strong></span> <span class='ocrx_word' id='word_1_157' title='bbox 2150 2834 2312 2913; x_wconf 89' lang='lat' dir='ltr'><strong>ipsis</strong></span> 
     </span>
     <span class='ocr_line' id='line_1_24' title="bbox 639 2942 2953 3023; baseline -0 -16"><span class='ocrx_word' id='word_1_158' title='bbox 639 2945 935 3007; x_wconf 90' lang='lat' dir='ltr'><strong>sensibus</strong></span> <span class='ocrx_word' id='word_1_159' title='bbox 967 2965 1100 3007; x_wconf 90' lang='lat' dir='ltr'><strong>esse</strong></span> <span class='ocrx_word' id='word_1_160' title='bbox 1132 2951 1348 3023; x_wconf 86' lang='lat' dir='ltr'><strong>potest</strong></span> <span class='ocrx_word' id='word_1_161' title='bbox 1379 2944 1494 3022; x_wconf 93' lang='lat' dir='ltr'><strong>qui</strong></span> <span class='ocrx_word' id='word_1_162' title='bbox 1526 2965 1687 3007; x_wconf 90' lang='lat' dir='ltr'><strong>uera</strong></span> <span class='ocrx_word' id='word_1_163' title='bbox 1718 2965 1793 3008; x_wconf 92' lang='lat' dir='ltr'><strong>ac</strong></span> <span class='ocrx_word' id='word_1_164' title='bbox 1825 2944 1999 3007; x_wconf 87' lang='lat' dir='ltr'><strong>falsa</strong></span> <span class='ocrx_word' id='word_1_165' title='bbox 2028 2948 2371 3007; x_wconf 69' lang='lat' dir='ltr'><strong>notemus?</strong></span> <span class='ocrx_word' id='word_1_166' title='bbox 2858 2942 2953 2991; x_wconf 85' lang='lat'><strong>700</strong></span> 
     </span>
     <span class='ocr_line' id='line_1_25' title="bbox 554 3054 2315 3132; baseline 0 -16"><span class='ocrx_word' id='word_1_167' title='bbox 554 3062 984 3132; x_wconf 86' lang='lat' dir='ltr'><strong>—praeterea</strong></span> <span class='ocrx_word' id='word_1_168' title='bbox 1016 3075 1219 3132; x_wconf 88' lang='lat' dir='ltr'><strong>quare</strong></span> <span class='ocrx_word' id='word_1_169' title='bbox 1253 3055 1603 3132; x_wconf 90' lang='lat' dir='ltr'><strong>quisquam</strong></span> <span class='ocrx_word' id='word_1_170' title='bbox 1634 3054 1843 3132; x_wconf 88' lang='lat' dir='ltr'><strong>magis</strong></span> <span class='ocrx_word' id='word_1_171' title='bbox 1874 3054 2093 3117; x_wconf 92' lang='lat' dir='ltr'><strong>omnia</strong></span> <span class='ocrx_word' id='word_1_172' title='bbox 2123 3055 2315 3117; x_wconf 86' lang='lat' dir='ltr'><strong>tollat</strong></span> 
     </span>
     <span class='ocr_line' id='line_1_26' title="bbox 641 3152 2110 3242; baseline -0.001 -16"><span class='ocrx_word' id='word_1_173' title='bbox 641 3172 706 3227; x_wconf 92' lang='lat' dir='ltr'><strong>et</strong></span> <span class='ocrx_word' id='word_1_174' title='bbox 735 3164 898 3227; x_wconf 90' lang='lat' dir='ltr'><strong>uelit</strong></span> <span class='ocrx_word' id='word_1_175' title='bbox 931 3165 1187 3227; x_wconf 90' lang='lat' dir='ltr'><strong>ardoris</strong></span> <span class='ocrx_word' id='word_1_176' title='bbox 1217 3152 1531 3227; x_wconf 74' lang='lat' dir='ltr'><strong>naturain</strong></span> <span class='ocrx_word' id='word_1_177' title='bbox 1559 3163 1859 3242; x_wconf 89' lang='lat' dir='ltr'><strong>linquere</strong></span> <span class='ocrx_word' id='word_1_178' title='bbox 1888 3165 2110 3240; x_wconf 88' lang='lat' dir='ltr'><strong>solam,</strong></span> 
     </span>
     <span class='ocr_line' id='line_1_27' title="bbox 642 3272 2719 3352; baseline 0 -15"><span class='ocrx_word' id='word_1_179' title='bbox 642 3295 839 3352; x_wconf 85' lang='lat' dir='ltr'><strong>quam</strong></span> <span class='ocrx_word' id='word_1_180' title='bbox 874 3281 1068 3351; x_wconf 87' lang='lat' dir='ltr'><strong>neget</strong></span> <span class='ocrx_word' id='word_1_181' title='bbox 1104 3294 1237 3338; x_wconf 90' lang='lat' dir='ltr'><strong>esse</strong></span> <span class='ocrx_word' id='word_1_182' title='bbox 1274 3274 1466 3352; x_wconf 91' lang='lat' dir='ltr'><strong>ignis,</strong></span> <span class='ocrx_word' id='word_1_183' title='bbox 1514 3274 1861 3345; x_wconf 91' lang='lat' dir='ltr'><strong>&lt;aliam&gt;</strong></span> <span class='ocrx_word' id='word_1_184' title='bbox 1908 3280 2129 3337; x_wconf 87' lang='lat' dir='ltr'><strong>tamen</strong></span> <span class='ocrx_word' id='word_1_185' title='bbox 2167 3293 2301 3335; x_wconf 88' lang='lat' dir='ltr'><strong>esse</strong></span> <span class='ocrx_word' id='word_1_186' title='bbox 2338 3272 2719 3351; x_wconf 70' lang='lat' dir='ltr'><strong>relinquat?</strong></span> 
     </span>
    </p>
   </div>
   <div class='ocr_carea' id='block_1_3' title="bbox 644 3383 2385 3462">
    <p class='ocr_par' dir='ltr' id='par_1_3' title="bbox 644 3383 2385 3462">
     <span class='ocr_line' id='line_1_28' title="bbox 644 3383 2385 3462; baseline -0.001 -16"><span class='ocrx_word' id='word_1_187' title='bbox 644 3404 853 3462; x_wconf 87' lang='lat' dir='ltr'><strong>aequa</strong></span> <span class='ocrx_word' id='word_1_188' title='bbox 884 3384 1154 3446; x_wconf 91' lang='lat' dir='ltr'><strong>uidetur</strong></span> <span class='ocrx_word' id='word_1_189' title='bbox 1188 3384 1362 3447; x_wconf 89' lang='lat' dir='ltr'><strong>enim</strong></span> <span class='ocrx_word' id='word_1_190' title='bbox 1395 3383 1726 3447; x_wconf 90' lang='lat' dir='ltr'><strong>dementia</strong></span> <span class='ocrx_word' id='word_1_191' title='bbox 1760 3383 1977 3447; x_wconf 89' lang='lat' dir='ltr'><strong>dicere</strong></span> <span class='ocrx_word' id='word_1_192' title='bbox 2009 3390 2385 3460; x_wconf 86' lang='lat' dir='ltr'><strong>utrumque.</strong></span> 
     </span>
    </p>
   </div>
   <div class='ocr_carea' id='block_1_4' title="bbox 827 3489 2563 3609">
    <p class='ocr_par' dir='ltr' id='par_1_4' title="bbox 827 3489 2563 3609">
     <span class='ocr_line' id='line_1_29' title="bbox 827 3489 2563 3555; baseline -0.001 -15"><span class='ocrx_word' id='word_1_193' title='bbox 827 3490 1086 3555; x_wconf 82' lang='lat' dir='ltr'>NEQVE</span> <span class='ocrx_word' id='word_1_194' title='bbox 1118 3490 1373 3540; x_wconf 87' lang='lat' dir='ltr'>IGNEM</span> <span class='ocrx_word' id='word_1_195' title='bbox 1404 3490 1664 3555; x_wconf 82' lang='lat' dir='ltr'>NEQVE</span> <span class='ocrx_word' id='word_1_196' title='bbox 1695 3490 1903 3540; x_wconf 85' lang='lat' dir='ltr'>AERA</span> <span class='ocrx_word' id='word_1_197' title='bbox 1934 3490 2193 3555; x_wconf 82' lang='lat' dir='ltr'>NEQVE</span> <span class='ocrx_word' id='word_1_198' title='bbox 2225 3489 2563 3539; x_wconf 86' lang='lat' dir='ltr'>VMOREM</span> 
     </span>
     <span class='ocr_line' id='line_1_30' title="bbox 1398 3558 2008 3609; baseline 0.002 -2"><span class='ocrx_word' id='word_1_199' title='bbox 1398 3558 1799 3609; x_wconf 86' lang='lat' dir='ltr'>PRINCIPIA</span> <span class='ocrx_word' id='word_1_200' title='bbox 1826 3558 2008 3608; x_wconf 84' lang='lat' dir='ltr'>ESSE</span> 
     </span>
    </p>
   </div>
   <div class='ocr_carea' id='block_1_5' title="bbox 645 3627 2961 3817">
    <p class='ocr_par' dir='ltr' id='par_1_5' title="bbox 645 3627 2961 3817">
     <span class='ocr_line' id='line_1_31' title="bbox 772 3627 2961 3707; baseline -0.001 -16"><span class='ocrx_word' id='word_1_201' title='bbox 772 3629 1196 3707; x_wconf 84' lang='lat' dir='ltr'><strong>Quapropter</strong></span> <span class='ocrx_word' id='word_1_202' title='bbox 1229 3628 1344 3706; x_wconf 93' lang='lat' dir='ltr'><strong>qui</strong></span> <span class='ocrx_word' id='word_1_203' title='bbox 1376 3629 1716 3692; x_wconf 84' lang='lat' dir='ltr'><strong>materiem</strong></span> <span class='ocrx_word' id='word_1_204' title='bbox 1750 3649 1973 3692; x_wconf 88' lang='lat' dir='ltr'><strong>rerum</strong></span> <span class='ocrx_word' id='word_1_205' title='bbox 2007 3648 2140 3691; x_wconf 85' lang='lat' dir='ltr'><strong>csse</strong></span> <span class='ocrx_word' id='word_1_206' title='bbox 2175 3634 2504 3705; x_wconf 91' lang='lat' dir='ltr'><strong>putarunt</strong></span> <span class='ocrx_word' id='word_1_207' title='bbox 2862 3627 2961 3677; x_wconf 87' lang='lat'><strong>⁷05</strong></span> 
     </span>
     <span class='ocr_line' id='line_1_32' title="bbox 645 3738 2345 3817; baseline -0.001 -16"><span class='ocrx_word' id='word_1_208' title='bbox 645 3739 863 3817; x_wconf 88' lang='lat' dir='ltr'><strong>ignem</strong></span> <span class='ocrx_word' id='word_1_209' title='bbox 895 3745 1093 3815; x_wconf 92' lang='lat' dir='ltr'><strong>atque</strong></span> <span class='ocrx_word' id='word_1_210' title='bbox 1124 3759 1202 3802; x_wconf 87' lang='lat' dir='ltr'><strong>ex</strong></span> <span class='ocrx_word' id='word_1_211' title='bbox 1234 3738 1373 3817; x_wconf 89' lang='lat' dir='ltr'><strong>igni</strong></span> <span class='ocrx_word' id='word_1_212' title='bbox 1405 3758 1726 3802; x_wconf 89' lang='lat' dir='ltr'><strong>summam</strong></span> <span class='ocrx_word' id='word_1_213' title='bbox 1757 3738 2109 3801; x_wconf 87' lang='lat' dir='ltr'><strong>consistere</strong></span> <span class='ocrx_word' id='word_1_214' title='bbox 2140 3756 2345 3817; x_wconf 89' lang='lat' dir='ltr'><strong>posse,</strong></span> 
     </span>
    </p>
   </div>
   <div class='ocr_carea' id='block_1_6' title="bbox 667 3869 1330 4004">
    <p class='ocr_par' dir='ltr' id='par_1_6' title="bbox 667 3869 1330 4004">
     <span class='ocr_line' id='line_1_33' title="bbox 667 3869 1232 3932; baseline 0 -11"><span class='ocrx_word' id='word_1_215' title='bbox 667 3872 769 3922; x_wconf 89' lang='lat'><strong>680</strong></span> <span class='ocrx_word' id='word_1_216' title='bbox 790 3871 925 3932; x_wconf 76' lang='lat' dir='ltr'><strong>fort.</strong></span> <span class='ocrx_word' id='word_1_217' title='bbox 957 3869 1232 3921; x_wconf 83' lang='lat' dir='ltr'><strong>discedere</strong></span> 
     </span>
     <span class='ocr_line' id='line_1_34' title="bbox 669 3939 1330 4004; baseline -0.002 -14"><span class='ocrx_word' id='word_1_218' title='bbox 669 3941 768 3990; x_wconf 85' lang='lat'><strong>703</strong></span> <span class='ocrx_word' id='word_1_219' title='bbox 789 3939 934 4000; x_wconf 65' lang='grc' dir='ltr'><strong><em>ναῖς.</em></strong></span> <span class='ocrx_word' id='word_1_220' title='bbox 972 3939 1330 4004; x_wconf 86' lang='lat' dir='ltr'><strong>&lt;quiduis&gt;</strong></span> 
     </span>
    </p>
   </div>
   <div class='ocr_carea' id='block_1_7' title="bbox 1655 4106 1768 4157">
    <p class='ocr_par' dir='ltr' id='par_1_7' title="bbox 1655 4106 1768 4157">
     <span class='ocr_line' id='line_1_35' title="bbox 1655 4106 1768 4157; baseline 0 0"><span class='ocrx_word' id='word_1_221' title='bbox 1655 4106 1768 4157; x_wconf 84' lang='lat'>[24]</span> 
     </span>
    </p>
   </div>
  </div>
 </body>
</html>
