3182 4602
1199 335 1259 383 T.
1301 333 1628 392 LVGREZ'I
1667 332 1845 384 CARI

453 549 753 627 percipe3
785 570 938 612 nam
970 550 1049 612 de
1081 569 1152 611 re
1183 569 1361 612 nunc
1393 548 1540 627 ipsa
1571 547 1787 611 dicere
1819 567 2033 611 conor.
2080 591 2084 595 -

579 659 922 738 Principio
949 661 1070 723 hoc
1104 659 1268 737 dieo,
1302 659 1478 736 quod
1511 658 1653 720 dixi
1685 679 1877 736 saepe
1909 677 2166 736 quoque
2197 663 2369 733 ante,

452 771 523 831 in
553 778 735 833 terra
765 770 1078 848 cuiusque
1109 769 1288 832 modi
1319 790 1542 832 rerum
1574 788 1708 831 esse
1739 767 2020 846 figuras;
2664 761 2765 812 ⁷⁷0

450 881 680 958 multa,
715 881 859 943 cibo
889 902 922 944 e
955 901 1122 957 quae
1153 887 1329 957 sunt,
1364 878 1624 966 uitalia,
1655 878 2013 955 multaque,
2047 878 2305 939 morbos

450 990 747 1053 incutere
783 998 847 1053 et
881 998 1157 1053 mortem
1193 1009 1360 1068 quae
1397 989 1651 1067 possint
1688 989 2077 1051 adcelerare.

453 1108 516 1164 et
548 1101 758 1178 magis
792 1121 926 1164 esse
959 1100 1106 1163 aliis
1139 1100 1302 1163 alias
1337 1098 1786 1163 animantibus
1820 1105 2012 1176 aptas

451 1230 556 1272 res
589 1211 673 1273 ad
706 1210 876 1290 uitai
909 1209 1231 1272 rationem
1266 1209 1673 1273 ostendimus
1705 1213 1857 1271 ante

454 1327 728 1399 propter
763 1320 1142 1382 dissimilem
1175 1326 1486 1382 naturam
1520 1318 1985 1395 dissimilisque
2663 1312 2765 1362 775

451 1438 752 1493 texturas
784 1430 958 1520 inter
991 1449 1125 1492 sese
1157 1429 1534 1507 primasque
1565 1428 1833 1506 figuras,

452 1540 661 1603 multa
694 1546 916 1603 meant
952 1539 1219 1603 inimica
1253 1560 1372 1618 per
1407 1538 1607 1616 auriS,
1642 1538 1857 1601 multa
1889 1558 2008 1616 per
2042 1537 2219 1616 ipsas

452 1650 796 1713 insinuant
828 1650 1010 1713 naris
1042 1649 1289 1713 infesta
1321 1656 1518 1727 atque
1553 1668 1788 1727 aspera
1819 1655 2023 1725 tactu,

451 1781 570 1824 nec
601 1768 759 1824 sunt
788 1761 1000 1824 multa
1032 1751 1270 1838 parum
1303 1767 1488 1822 tactu
1520 1758 1802 1822 uitanda
1834 1779 2044 1835 neque
2077 1765 2297 1821 autem

454 1878 724 1948 aspectu
758 1869 1080 1948 fugienda
1112 1889 1472 1948 saporeque
1505 1869 1727 1932 tristia
1762 1889 1929 1945 quae
1962 1869 2113 1930 sint.
2665 1865 2765 1915 ⁷80

490 1981 832 2044 —Deinde
863 1979 1092 2043 uidere
1123 1980 1277 2043 licet
1310 2000 1507 2057 quam
1538 1959 1787 2042 multae
1818 1978 1953 2041 sint
1983 1977 2235 2040 homini
2267 1963 2371 2041 res

454 2091 694 2152 acriter
727 2089 970 2153 infesto
1003 2109 1196 2152 sensu
1229 2109 1634 2167 spurcaeque
1668 2108 2067 2167 grauesque3

453 2200 798 2262 arboribus
833 2200 1122 2277 primum
1158 2199 1354 2262 certis
1391 2198 1617 2276 grauis
1650 2200 1887 2262 umbra
1921 2195 2177 2261 tributa

452 2332 656 2388 usque
691 2312 870 2387 ade0,
906 2311 1146 2388 capitis
1179 2310 1434 2373 faciant
1466 2317 1543 2373 ut
1575 2329 1767 2402 saepe
1801 2310 2076 2387 dolores,

453 2422 656 2499 siquis
687 2442 794 2485 eas
825 2428 1056 2499 supter
1087 2420 1293 2483 iacuit
1325 2427 1701 2498 prostratus
1733 2419 1803 2481 in
1833 2418 2071 2482 herbis,
2663 2416 2765 2465 785

422 2532 551 2607 (est
581 2532 780 2595 etiam
811 2531 1070 2609 magnis
1101 2529 1439 2593 Heliconis
1469 2530 1805 2592 montibus
1836 2531 2027 2593 arbos

453 2642 632 2703 floris
665 2642 861 2705 odore
893 2640 1221 2704 hominem
1257 2647 1471 2704 taetro
1505 2647 1816 2702 consueta
1848 2640 2135 2715 necare.)

367 2751 697 2815 —scilicet
727 2753 885 2814 haec
919 2751 1069 2813 ideo
1098 2750 1297 2814 terris
1329 2770 1408 2812 ex
1442 2749 1661 2813 omnia
1694 2756 1998 2827 surgunt,

448 2862 661 2925 multa
689 2861 898 2924 modis
929 2860 1159 2924 multis
1187 2861 1551 2923 multarum
1583 2859 1834 2922 semina
1865 2879 2087 2921 rerum

451 2972 626 3048 quod
657 2970 986 3049 permixta
1017 2969 1189 3048 gerit
1219 2971 1418 3033 tellus
1449 2969 1864 3046 discretaque
1893 2968 2123 3032 tradit.
2663 2965 2763 3015 790

451 3088 977 3157 nocturnumque
1014 3100 1240 3143 recens
1275 3080 1641 3142 extinctum
1675 3079 1898 3141 lumen
1934 3078 2050 3141 ubi
2087 3078 2221 3141 acri

449 3190 680 3254 nidore
715 3190 991 3253 offendit
1025 3210 1238 3266 nareS,
1273 3189 1571 3266 consopit
1608 3188 1869 3264 ibidem,

451 3299 790 3363 concidere
821 3307 885 3363 et
918 3320 1187 3377 spumas
1217 3300 1332 3376 qui
1362 3300 1588 3361 morbo
1619 3298 1880 3361 mittere
1914 3298 2150 3361 sueuit.

451 3417 869 3486 castoreoque
904 3409 1097 3487 graui
1129 3408 1367 3472 mulier
1402 3409 1619 3487 sopita
1653 3407 1976 3471 recumbit

451 3527 515 3582 et
547 3519 852 3583 manibus
881 3520 1170 3582 nitidum
1203 3519 1448 3582 teneris
1482 3539 1648 3597 opus
1680 3518 1879 3581 effluit
1912 3517 1990 3593 ei,
2662 3514 2763 3564 795

449 3637 744 3707 tempore
780 3649 852 3692 eo
887 3629 943 3691 si
979 3630 1317 3691 odoratast
1353 3649 1484 3705 quo
1515 3624 1855 3692 menstrua
1890 3626 2107 3690 soluit.

363 3740 788 3816 —multaque
820 3747 1164 3817 praeterea
1195 3738 1583 3815 languentia
1615 3739 1905 3800 membra
1937 3757 2056 3815 per
2089 3743 2276 3800 artus

472 3873 571 3920 771
594 3871 738 3931 vulg.
771 3871 891 3921 cibo
922 3886 1060 3936 quae

473 3939 572 3989 778
595 3940 730 4001 fort.
758 3938 907 3989 lactu

1443 4106 1591 4158 [241]
