3182 4602
1071 412 1174 462 DE
1210 412 1475 462 RERVM
1509 412 1819 463 NATVRA
1865 412 1947 461 71

483 627 716 691 siccari
747 627 1089 706 mollisque
1118 628 1246 691 luti
1278 648 1688 692 concrescere
1719 635 1995 692 crustas,

481 744 827 815 praeterea
860 738 1054 801 docui
1089 739 1372 800 multum
1408 758 1665 816 quoque
1698 738 1929 801 tollere
1961 739 2168 801 nubes

483 868 777 911 umorem
811 868 1052 925 magno
1083 855 1472 926 conceptum
1506 867 1585 910 ex
1621 867 1900 925 aequore
1935 847 2125 927 ponti

485 964 550 1021 et
582 957 826 1036 passim
857 965 996 1020 toto
1028 964 1362 1021 terrarum
1394 978 1707 1036 spargere
1741 957 1812 1018 in
1847 956 2009 1034 orbi,

483 1088 633 1130 cum
665 1067 841 1146 pluit
872 1066 943 1128 in
973 1068 1170 1130 terris
1203 1075 1268 1131 et
1300 1068 1488 1131 uenti
1519 1067 1751 1130 nubila
1784 1073 2075 1145 portant.
2702 1063 2807 1112 630

396 1185 815 1254 —postremo
846 1177 1156 1254 quoniam
1187 1198 1340 1240 raro
1373 1197 1520 1240 cum
1555 1197 1827 1256 corpore
1859 1177 2059 1240 tellus

484 1295 600 1364 est,
634 1293 700 1350 et
731 1286 1162 1363 coniunctast,
1199 1307 1346 1350 oras
1378 1286 1580 1350 maris
1612 1287 1910 1364 undique
1942 1287 2230 1364 cingens,

483 1396 694 1473 debet,
728 1404 806 1460 ut
838 1397 908 1458 in
939 1417 1118 1460 mare
1151 1399 1232 1460 de
1261 1397 1462 1459 terris
1489 1397 1677 1460 uenit
1709 1417 1899 1459 umor
1933 1397 2149 1474 aquai,

482 1506 554 1567 in
588 1513 802 1569 terras
836 1506 1066 1569 itidem
1099 1526 1368 1569 manare
1403 1527 1482 1568 ex
1518 1526 1797 1584 aequore
1830 1507 2018 1568 salso,

452 1616 864 1695 (percolatur
897 1616 1069 1679 enim
1103 1617 1292 1692 uirus
1325 1623 1632 1693 retroque
1664 1622 1963 1679 remanat
2699 1614 2806 1663 635

482 1726 788 1789 materies
823 1726 1070 1788 umoris
1105 1733 1169 1790 et
1206 1727 1290 1789 ad
1327 1732 1528 1804 caput
1565 1726 1869 1788 amnibus
1901 1726 2111 1788 omnis

483 1835 776 1913 confluit,
808 1835 962 1899 inde
991 1856 1192 1913 super
1222 1841 1436 1898 terras
1465 1835 1641 1898 redit
1673 1835 1932 1914 agmine
1966 1835 2144 1898 dulci

484 1966 614 2023 qua
647 1945 761 2009 uia
793 1952 968 2008 secta
1001 1947 1198 2008 semel
1231 1945 1487 2023 liquido
1517 1947 1684 2024 pede
1718 1945 1959 2008 detulit
1991 1945 2260 2021 undas.)
2282 1941 2315 2030 ΙΙ

1343 2221 1444 2270 DE
1481 2221 1744 2271 AETNA

608 2311 802 2373 Nunc
833 2311 1007 2373 ratio
1037 2331 1203 2388 quae
1235 2311 1340 2387 sit,
1374 2332 1492 2389 per
1523 2310 1750 2373 fauces
1780 2310 2020 2373 montis
2048 2318 2127 2373 ut
2157 2311 2413 2373 Aetnae

483 2421 788 2498 expirent
821 2419 1005 2498 ignes
1038 2420 1376 2483 interdum
1409 2420 1676 2484 turbine
1709 2427 1916 2496 tante,
2698 2417 2803 2466 640

483 2530 846 2608 expediam.
924 2550 1134 2607 neque
1168 2530 1342 2593 enim
1372 2530 1687 2593 mediocri
1720 2530 1903 2593 clade
1937 2535 2161 2592 coorta

484 2639 780 2702 flammae
813 2645 1170 2717 tempestas
1201 2640 1497 2702 Siculum
1531 2639 1869 2701 dominata
1900 2660 2019 2717 per
2053 2659 2246 2717 agros

481 2748 783 2812 finitimis
813 2751 897 2812 ad
929 2770 995 2813 se
1030 2749 1359 2812 conuertit
1391 2749 1698 2827 gentibus
1729 2769 1863 2825 ora,

483 2857 744 2921 fumida
778 2879 925 2921 cum
960 2859 1121 2921 caeli
1153 2858 1515 2921 scintillare
1549 2857 1770 2921 omnia
1803 2858 2051 2935 templa

484 2975 822 3031 cernentes
859 2968 1109 3045 pauida
1146 2969 1560 3046 complebant
1598 2975 1864 3045 pectora
1901 2988 2080 3045 cura,
2478 2956 2483 2960 ⁶
2696 2966 2801 3015 645

483 3077 644 3154 quid
676 3077 1021 3140 moliretur
1053 3098 1275 3140 rerum
1308 3084 1553 3140 natura
1583 3097 1928 3140 nouarum.

610 3270 807 3335 Hisce
842 3271 965 3334 tibi
1001 3271 1072 3333 in
1108 3272 1304 3333 rebus
1338 3258 1533 3334 latest
1572 3272 1831 3347 alteque
1868 3270 2233 3333 uidendum

485 3387 548 3443 et
579 3381 770 3458 longe
803 3388 1074 3443 cunctas
1107 3380 1176 3441 in
1210 3381 1423 3458 partis
1455 3380 1959 3458 dispiciendum,

482 3496 559 3553 ut
593 3489 1036 3553 reminiscaris
1067 3510 1386 3552 summam
1418 3510 1642 3552 rerum
1674 3510 1808 3552 esse
1842 3488 2250 3567 profundam

483 3605 548 3662 et
580 3597 808 3662 'uideas
843 3600 1094 3662 caelum
1127 3599 1406 3662 summai
1440 3598 1649 3661 totius
1681 3619 1890 3661 unum
2696 3598 2798 3647 650

482 3730 679 3787 quam
712 3708 798 3771 sit
831 3710 1110 3786 paruola
1142 3729 1301 3787 pars
1331 3714 1394 3770 et
1426 3728 1626 3785 quam
1658 3707 2031 3771 multesima
2062 3714 2313 3771 constet

481 3840 601 3881 nec
631 3825 774 3882 tota
803 3832 978 3897 pars3
1013 3819 1204 3880 homo
1233 3817 1441 3880 terrai
1474 3824 1677 3894 quota
1707 3817 1913 3879 totius
1945 3838 2138 3879 unus.

396 3928 656 4004 —quod
690 3930 850 3991 bene
887 3928 1299 4006 propositum
1335 3927 1390 3989 si
1427 3928 1623 4004 plane
1661 3932 2011 3989 contueare

485 4057 558 4099 ac
592 4036 822 4100 uideas
858 4038 1073 4115 plane,
1110 4036 1342 4099 mirari
1377 4037 1589 4099 multa
1624 4035 1979 4113 relinquas,

1473 4184 1620 4235 [236]
