3182 4602
1142 442 1202 491 T.
1244 442 1571 494 LVGRETI
1612 442 1788 492 CARI

311 673 514 716 —nec
546 659 766 716 tamen
799 655 967 717 illud
1001 654 1071 717 in
1103 656 1206 718 his
1238 657 1433 719 rebus
1463 656 1765 719 mirabile
1800 657 1991 719 debet

397 783 550 840 esse,
584 765 759 840 quod
790 766 949 828 haec
982 765 1155 842 ignis
1185 773 1323 828 tam
1356 773 1536 828 certo
1566 773 1859 843 tempore
1894 765 2147 844 possint

398 873 644 936 semina
679 874 1004 936 confluere
1039 880 1104 937 et
1138 875 1291 937 solis
1325 894 1639 953 reparare
1672 875 1974 937 nitorem.

396 983 606 1046 multa
640 983 943 1047 uidemus
977 984 1170 1061 enim,
1209 992 1389 1048 certo
1424 1005 1590 1062 quae
1627 992 1921 1062 tempore
1956 985 2127 1046 fiunt

397 1092 697 1156 omnibus
730 1093 802 1154 in
835 1095 1048 1157 rebus,
1127 1095 1480 1157 florescunt
1512 1102 1806 1172 tempore
1840 1101 2018 1157 certo

299 1231 304 1235 ·
398 1204 670 1266 arbusta
703 1209 768 1266 et
803 1211 982 1267 certo
1014 1203 1366 1267 dimittunt
1401 1211 1696 1282 tempore
1731 1204 1974 1267 florem.

394 1332 512 1375 nec
545 1313 764 1376 minus
794 1313 866 1374 in
899 1321 1078 1376 certo
1109 1315 1338 1377 dentes
1368 1314 1601 1376 cadere
1633 1314 1918 1392 imperat
1950 1320 2133 1377 aetas

395 1429 690 1501 tempore
723 1428 788 1486 et
823 1423 1137 1501 inpubem
1171 1423 1354 1487 molli
1389 1424 1743 1502 pubescere
1778 1430 1961 1486 ueste

398 1539 460 1594 et
495 1532 750 1610 pariter
781 1535 1041 1596 mollem
1073 1533 1266 1596 malis
1297 1533 1643 1596 demittere
1676 1534 1966 1595 barbam.

399 1641 684 1705 fulmina
718 1649 1048 1720 postremo
1079 1643 1196 1704 nix
1227 1643 1468 1706 imbres
1499 1643 1731 1705 nubila
1763 1635 1949 1705 uenti

396 1771 529 1813 non
561 1751 758 1814 nimis
791 1751 1061 1815 incertis
1093 1752 1264 1815 fiunt
1299 1753 1369 1814 in
1404 1752 1710 1830 partibus
1745 1751 1923 1814 anni.

309 1881 679 1938 —namque
711 1861 828 1925 ubi
859 1862 951 1924 sic
983 1862 1262 1925 fuerunt
1296 1883 1645 1925 causarum
1678 1861 1950 1925 exordia
1979 1860 2195 1939 prima

399 1978 597 2048 atque
629 1971 726 2034 ita
759 1991 863 2033 res
894 1971 1128 2034 mundi
1163 1972 1450 2035 cecidere
1484 1973 1565 2034 ab
1602 1971 1854 2049 origine
1888 1971 2124 2049 prima,

398 2081 782 2158 consequiae
817 2101 1073 2159 quoque
1109 2081 1239 2144 iam
1274 2088 1552 2144 suerunt
1588 2103 1668 2145 ex
1702 2080 1932 2144 ordine
1968 2086 2164 2144 certo,

833 2188 934 2237 DE
970 2188 1103 2238 DIE
1138 2187 1392 2238 LONGO
1428 2187 1525 2238 ΕΤ
1561 2187 1809 2238 NOCTE
1846 2187 2083 2252 BREVI

435 2276 829 2341 ——Crescere
867 2277 1151 2355 itemque
1189 2277 1326 2340 dies
1362 2277 1515 2340 licet
1551 2284 1615 2339 et
1650 2278 1978 2340 tabescere
2013 2281 2254 2353 nocteS,

399 2393 462 2449 et
493 2386 707 2449 minui
738 2388 934 2463 luceS,
969 2408 1117 2450 cum
1151 2394 1414 2450 sumant
1448 2388 1761 2465 augmina
1792 2393 2032 2464 nocteS,

399 2503 515 2559 aut
548 2496 704 2574 quia
737 2498 833 2559 sol
866 2496 1038 2558 idem
1071 2499 1190 2559 sub
1224 2504 1438 2559 terras
1472 2504 1670 2574 atque
1706 2516 1988 2574 superne

398 2606 763 2684 imparibus
795 2627 1067 2669 currens
1101 2606 1536 2670 amfractibus
1570 2607 1854 2670 aetheris
1886 2626 2036 2669 oras

399 2717 610 2793 partit
644 2724 707 2779 et
741 2716 813 2778 in
845 2712 1060 2795 partis
1091 2737 1222 2778 non
1257 2736 1497 2793 aequas
1531 2716 1778 2778 diuidit
1814 2717 2053 2792 orbem,

397 2833 460 2888 et
493 2827 669 2903 quod
703 2828 783 2889 ab
817 2828 1146 2889 alterutra
1176 2826 1470 2889 detraxit
1502 2833 1712 2903 parte,
1749 2825 2013 2903 reponit

399 2936 538 2998 eius
569 2936 640 2996 in
674 2937 956 2999 aduersa
985 2943 1177 2998 tanto
1205 2937 1359 3013 plus
1390 2942 1581 3014 parte
1615 2936 1883 3011 relatuS,

399 3045 602 3107 donec
631 3046 717 3107 ad
746 3045 816 3107 id
845 3046 1106 3122 signum
1134 3045 1296 3108 caeli
1325 3044 1652 3123 peruenit,
1682 3044 1798 3107 ubi
1826 3044 1985 3107 anni

398 3154 609 3216 nodus
642 3162 1002 3217 nocturnas
1035 3161 1355 3231 exaequat
1388 3154 1648 3217 lucibus
1681 3155 1967 3216 umbras,

370 3263 572 3340 (nam,
608 3264 825 3327 medio
859 3284 1057 3326 cursu
1094 3264 1293 3326 flatus
1328 3264 1655 3341 aquilonis
1692 3271 1756 3327 et
1793 3262 2023 3339 austri,

399 3373 672 3436 distinet
707 3380 988 3450 aequato
1020 3373 1271 3436 caelum
1304 3373 1682 3435 discrimine
1714 3379 1921 3435 metas

400 3490 674 3561 propter
707 3482 1016 3561 signiferi
1049 3482 1415 3561 posituram
1449 3482 1655 3545 totius
1690 3482 1883 3559 οτι-δίε,

400 3614 622 3656 annua
654 3593 748 3654 sol
779 3592 849 3653 in
882 3613 1012 3670 quo
1042 3592 1375 3655 concludit
1409 3599 1707 3670 tempora
1739 3611 2026 3669 serpens,

400 3702 662 3780 obliquo
697 3710 913 3765 terras
950 3708 1014 3766 et
1052 3702 1303 3765 caelum
1338 3702 1586 3765 lumine
1624 3703 1937 3777 lustranS,

398 3819 475 3874 ut
507 3812 681 3875 ratio
714 3813 1005 3875 declarat
1040 3832 1264 3897 eorum
1299 3811 1413 3888 qui
1446 3812 1587 3874 loca
1621 3811 1783 3873 caeli
1934 3800 1939 3805 ’

420 3944 521 3993 667
541 3942 723 4008 possit
789 3943 936 4004 vuly.
968 3946 1196 4007 possunt

423 4012 523 4060 679
542 4011 689 4071 vulg.
728 4024 990 4075 conseque
1029 4048 1040 4060 .
1081 4048 1093 4059 .
1133 4047 1146 4059 .
1183 4011 1411 4061 redeunt

421 4078 521 4128 690
543 4077 679 4140 fort.
711 4077 792 4127 sol
823 4080 940 4127 tum

422 4146 522 4195 692
544 4144 796 4196 contudit
868 4146 1001 4207 fort.
1039 4145 1317 4195 contrudit

633 4257 638 4261 .
1389 4221 1536 4273 [187]

2606 1089 2709 1138 670

2608 1637 2712 1686 675

2609 2271 2711 2321 680

2611 2820 2713 2869 685

2610 3367 2713 3417 690
