3182 4602
1019 475 1122 524 DE
1157 475 1424 524 RERVM
1458 475 1768 525 NATVRA
1808 476 1843 525 Ι

347 734 354 745 .
395 710 564 767 quae
599 690 891 768 spatium
927 692 1124 769 pleno
1159 691 1412 770 possint
1448 692 1858 770 distinguere
1893 692 2108 754 inane.

394 801 554 863 haec
586 822 796 878 neque
828 801 1101 864 dissolui
1133 802 1349 879 plagis
1381 802 1787 865 extrinsecus
1820 801 1952 864 icta

396 918 671 987 possunt
704 932 822 973 nec
854 931 1054 988 porro
1085 911 1354 989 penitus
1383 918 1732 989 penetrata
1764 911 1973 974 retexi

397 1040 516 1084 nec
547 1021 802 1083 ratione
838 1028 1089 1098 queunt
1124 1021 1256 1084 alia
1288 1028 1615 1099 temptata
1647 1022 1905 1097 labare3

397 1131 468 1192 id
500 1131 675 1207 quod
707 1130 837 1193 iam
869 1151 1074 1208 supra
1106 1131 1230 1194 tibi
1264 1132 1465 1208 paulo
1497 1131 1902 1194 ostendimus
1934 1137 2106 1193 ante.

367 1239 553 1315 (nam
586 1261 796 1318 neque
829 1241 1075 1303 conlidi
1107 1240 1246 1304 31110
1279 1240 1464 1303 1113111
1499 1261 1685 1318 posse
1718 1240 1990 1303 uidetur

397 1349 748 1427 quicquam
780 1371 898 1413 nec
931 1350 1159 1428 frangi
1191 1371 1309 1413 1100
1339 1350 1504 1412 findi
1537 1350 1610 1411 in
1640 1350 1797 1413 bina
1829 1351 2110 1413 secando

397 1480 514 1523 1100
547 1480 781 1537 capere
813 1480 1106 1523 umorem
1135 1481 1346 1537 neque
1379 1460 1536 1522 item
1569 1460 1896 1523 manabile
1931 1459 2150 1537 frigus

395 1590 513 1632 nec
548 1571 952 1647 penetralem
988 1569 1224 1647 ignem,
1261 1570 1501 1647 quibus
1534 1570 1756 1632 omnia
1786 1569 2280 1645 conficiuntur.)

398 1686 461 1742 et
493 1699 624 1756 quo
655 1700 950 1757 quaeque
982 1680 1191 1757 magis
1224 1680 1478 1742 cohibet
1509 1700 1615 1742 res
1647 1679 1828 1741 intus
1861 1679 2075 1755 inane,

395 1795 532 1852 tam
565 1789 773 1867 magis
805 1789 907 1851 1113
941 1791 1136 1852 rebus
1168 1790 1435 1867 penitus
1467 1796 1795 1866 temptata
1829 1789 2122 1852 labascit.

311 1919 552 1977 —ergo
581 1899 637 1961 si
669 1899 877 1962 solida
909 1919 983 1962 ac
1016 1899 1155 1962 31110
1186 1899 1372 1961 1113111
1404 1919 1682 1976 corpora
1715 1900 1932 1977 prima

397 2015 552 2071 sunt
585 2008 680 2072 ita
711 2009 813 2071 uti
847 2009 1059 2086 docui,
1093 2009 1227 2071 sint
1257 2009 1417 2072 haec
1449 2015 1721 2072 aeterna
1749 2015 2088 2071 necessest.

434 2119 875 2182 —Praeterea
910 2119 1038 2180 nisi
1074 2119 1382 2182 materies
1417 2125 1689 2182 aeterna
1723 2118 1979 2195 fuisset,

396 2229 673 2291 antehac
706 2229 791 2292 ad
823 2229 1106 2291 nihilum
1140 2228 1406 2308 penitus
1439 2249 1543 2290 res
1577 2249 1873 2307 quaeque
1907 2229 2231 2291 redissent

394 2340 475 2403 de
505 2340 842 2416 nihiloque
874 2346 1107 2403 renata
1135 2340 1359 2403 forent
1392 2361 1840 2417 quaecumque
1870 2340 2191 2403 uidemus,

395 2456 464 2512 at
494 2450 805 2527 quoniam
833 2470 1041 2527 supra
1070 2451 1263 2513 docui
1294 2450 1391 2511 nil
1422 2470 1607 2527 posse
1640 2450 1851 2512 creari

396 2559 476 2623 de
506 2559 714 2622 nihilo
746 2580 956 2637 neque
990 2561 1164 2637 quod
1198 2560 1494 2638 genitum
1528 2567 1624 2623 est
1658 2561 1741 2623 ad
1776 2560 1873 2621 nil
1904 2560 2222 2637 reuocari,

395 2688 528 2733 esse
562 2669 900 2732 inmortali
934 2670 1299 2747 primordia
1333 2690 1604 2747 corpore
1636 2670 1895 2746 debent,

395 2779 667 2841 dissolui
703 2799 834 2857 quo
866 2800 1161 2857 quaeque
1198 2800 1505 2857 supremo
1537 2786 1832 2857 tempore
1869 2779 2141 2857 possint,

394 2889 700 2951 materies
729 2895 806 2951 ut
839 2890 1214 2967 subpeditet
1247 2891 1443 2951 rebus
1475 2890 1884 2967 reparandis,

313 3004 550 3061 —sunt
584 2998 792 3076 igitur
825 2999 1037 3061 solida
1068 2998 1434 3077 primordia
1468 2999 1893 3077 simplicitate

395 3128 511 3171 nec
543 3109 798 3171 ratione
832 3115 1085 3185 queunt
1117 3110 1247 3172 alia
1277 3115 1544 3171 seruata
1573 3129 1693 3186 per
1724 3129 1953 3171 aeuom

397 3239 474 3280 ex
505 3218 768 3281 infinito
798 3218 928 3281 iam
960 3226 1253 3296 tempore
1285 3240 1389 3281 res
1421 3239 1753 3295 reparare.

772 3324 1075 3375 CONTRA
1112 3326 1236 3374 ΕΙΣ
1279 3324 1624 3375 ΑΠΕῙΡΟΝ
1665 3325 1827 3374 ΤΗΝ
1867 3324 2144 3375 ΤΟΜΗΝ

315 3414 678 3491 —denique
714 3414 769 3476 si
804 3415 1056 3477 nullam
1091 3414 1286 3475 finem
1321 3421 1565 3477 natura
1601 3420 1898 3491 parasset

397 3522 787 3601 frangendis
822 3525 1035 3600 rebus,
1071 3524 1202 3587 iam
1238 3544 1514 3601 corpora
1550 3524 1855 3586 materiai

395 3653 599 3710 usque
630 3634 898 3697 redacta
931 3633 1154 3697 forent
1187 3655 1349 3697 aeuo
1383 3634 1737 3711 frangente
1771 3633 2010 3711 priore,

398 3749 473 3805 ut
503 3743 671 3805 nihil
703 3764 782 3805 ex
814 3743 946 3805 illis
979 3765 1017 3807 a
1050 3751 1229 3806 certo
1260 3751 1552 3821 tempore
1586 3751 1803 3821 posset

398 3860 783 3931 conceptum
815 3874 1141 3916 summum
1175 3854 1410 3917 aetatis
1444 3854 1810 3931 peruadere
1842 3853 2057 3916 finem.

398 3982 547 4025 nam
580 3963 848 4040 quiduis
880 3963 1078 4026 citius
1105 3963 1378 4026 dissolui
1409 3984 1594 4041 posse
1626 3962 1929 4026 uidemus

420 4095 519 4144 555
539 4095 670 4144 finis
739 4095 882 4155 vuly.
923 4094 1122 4154 <ad>
1161 4110 1425 4145 summum

1403 4248 1517 4300 [19]

2609 1017 2710 1067 530

2609 1567 2712 1616 535

2607 2116 2709 2165 540

2608 2667 2710 2717 545

2607 3217 2708 3266 550

2608 3851 2711 3901 555
