3182 4602
1292 387 1352 436 T.
1391 385 1717 438 LVGRETI
1752 385 1931 438 CARI

551 618 632 662 ex
661 591 926 663 infinito
951 599 1237 664 suboriri
1267 600 1458 679 copia
1486 607 1722 679 posset,

552 709 730 773 unde
763 709 1001 773 amissa
1029 711 1239 774 solent
1269 730 1582 788 reparare
1614 710 1685 772 in
1713 716 2007 788 tempore
2040 729 2355 787 quaeque.

522 818 710 896 (nam
739 818 952 883 ueluti
981 819 1255 897 priuata
1283 819 1428 883 cibo
1456 826 1703 884 natura
1734 819 2146 883 animantum

552 928 790 992 diffluit
823 928 1132 993 amittens
1164 948 1422 1008 coerS,
1455 929 1549 993 sic
1581 928 1804 992 omnia
1830 929 2072 993 debent

553 1037 826 1101 dissolui
855 1037 1051 1102 simul
1083 1059 1157 1102 ac
1187 1038 1432 1102 defecit
1462 1039 1893 1118 suppeditare

551 1135 858 1212 materies
890 1148 1113 1227 aliqua
1142 1149 1397 1212 ratione
1427 1169 1664 1213 auersa
1692 1148 1885 1226 uiai.)

553 1277 672 1320 nec
703 1259 936 1336 plagae
966 1265 1241 1337 possunt
1271 1258 1681 1322 extrinsecus
1706 1258 2001 1336 undique
2031 1278 2354 1320 summam

553 1387 942 1432 conseruare
973 1389 1230 1432 omnem
1259 1389 1707 1446 quaecumque
1736 1375 1833 1432 est
1865 1367 2232 1431 conciliata.

522 1476 794 1554 (cudere
824 1477 998 1540 enim
1029 1478 1259 1541 crebro
1286 1484 1562 1556 possunt
1594 1485 1981 1556 partemque
2011 1476 2275 1554 morari,

551 1587 714 1649 dum
740 1587 1016 1650 ueniant
1045 1587 1214 1652 aliae
1245 1608 1320 1652 ac
1349 1587 1650 1666 suppleri
1678 1607 1933 1651 summa
1960 1593 2262 1665 queatur.

551 1696 890 1760 interdum
920 1697 1174 1761 resilire
1205 1703 1425 1760 tamen
1457 1703 1787 1775 coguntur
1817 1704 1882 1761 et
1910 1717 2048 1760 una

551 1803 911 1886 principiis
936 1795 1160 1870 rerum
1195 1807 1486 1886 spatium
1520 1814 1911 1885 tempusque
1949 1805 2140 1884 fugai

550 1916 804 1994 largiri,
835 1923 914 1980 ut
942 1917 1196 1994 possint
1227 1939 1268 1981 a
1294 1924 1482 1980 coetu
1512 1916 1724 1980 libera
1751 1916 1971 1993 ferri.)

465 2047 757 2104 —quare
791 2026 988 2090 etiam
1021 2033 1219 2103 atque
1250 2026 1447 2090 etiam
1479 2026 1768 2089 suboriri
1800 2027 2011 2089 multa
2043 2031 2383 2102 necessest,

553 2142 619 2200 et
649 2143 870 2199 tamen
897 2143 976 2200 ut
1004 2137 1238 2214 plagae
1269 2156 1525 2214 quoque
1557 2135 1812 2214 possint
1841 2142 2193 2214 suppetere
2223 2135 2425 2214 ipsae,
2482 2167 2489 2172 ·

554 2243 1011 2325 infinita'opus
1042 2253 1138 2311 est
1167 2246 1272 2309 uis
1302 2245 1599 2324 undique
1628 2245 1985 2323 materiai.)

1168 2439 1292 2488 ΕΙΣ
1333 2437 1427 2488 ΤΟ
1466 2437 1731 2489 ΜἙΣΟΝ
1768 2438 1825 2488 H
1861 2438 2057 2489 ΦΟΡΑ

682 2527 862 2590 Illud
893 2526 964 2589 in
995 2527 1101 2589 his
1130 2529 1325 2591 rebus
1355 2528 1547 2605 longe
1581 2526 1741 2604 fuge
1774 2528 2058 2603 credere,
2091 2526 2377 2603 Memmi,

553 2637 626 2699 in
653 2637 940 2699 medium
971 2656 1258 2700 summae
1289 2638 1462 2727 quod
1494 2637 1730 2699 dicunt
1757 2636 1977 2699 omnia
2005 2635 2153 2713 niti,

557 2754 754 2824 atque
787 2746 934 2810 ideo
962 2746 1196 2809 mundi
1225 2753 1535 2810 naturam
1569 2753 1745 2809 stare
1777 2746 1917 2809 sine
1948 2745 2106 2809 ullis

555 2856 797 2919 ictibus
823 2856 1111 2919 externis
1139 2876 1349 2933 neque
1380 2876 1710 2933 quoquam
1740 2875 1925 2933 posse
1955 2854 2197 2918 resolui

556 2986 812 3029 summa
844 2972 1041 3043 atque
1073 2966 1223 3042 ima,
1259 2966 1434 3049 quod
1469 2965 1539 3026 in
1571 2965 2027 3030 mediumsint
2061 2964 2279 3028 omnia
2312 2964 2471 3027 nixa

527 3075 778 3153 (ipsum
811 3075 868 3137 si
903 3075 1254 3152 quicquam
1291 3094 1474 3153 posse
1511 3074 1582 3136 in
1618 3094 1682 3136 se
1720 3074 1947 3137 sistere
1984 3074 2229 3151 credis)
2260 3100 2273 3137 :

558 3192 622 3248 et
652 3205 819 3262 quae
849 3185 1144 3263 pondera
1176 3184 1310 3247 sint
1342 3186 1461 3247 sub
1493 3183 1693 3247 terris
1723 3183 1941 3247 omnia
1972 3204 2235 3246 sursum

543 3294 757 3357 nitier
788 3294 860 3356 in
888 3301 1196 3372 terraque
1227 3301 1406 3356 retro
1435 3293 1837 3371 requiescere
1870 3300 2079 3371 posta,

555 3410 632 3467 ut
661 3423 781 3482 per
811 3424 1014 3481 aquas
1043 3424 1208 3481 quae
1236 3424 1414 3466 nunc
1442 3424 1665 3467 rerum
1695 3402 2049 3466 simulacra
2074 3402 2396 3465 uidemus

560 3520 630 3603 οἵἱ
651 3512 852 3576 simili
880 3513 1134 3575 ratione
1166 3512 1477 3576 animalia
1507 3533 1725 3590 suppa
1753 3512 1989 3589 uagari

557 3624 970 3687 contendunt
995 3642 1206 3699 neque
1237 3642 1422 3699 posse
1454 3644 1487 3686 e
1515 3622 1714 3685 terris
1741 3621 1812 3682 in
1842 3622 1985 3685 loca
2013 3621 2177 3684 caeli

556 3733 885 3796 reccidere
920 3732 1244 3795 inferiora
1282 3731 1490 3809 magis
1530 3752 1729 3809 quam
1768 3751 2043 3809 corpora
2083 3738 2309 3793 nostra

559 3850 791 3921 sponte
823 3863 944 3905 sua
977 3841 1229 3920 possint
1264 3841 1333 3902 in
1367 3841 1530 3904 caeli
1562 3841 1812 3918 templa
1842 3842 2103 3917 uolare;

553 3953 654 4015 illi
688 3974 836 4016 cum
867 3952 1142 4015 uideant
1174 3952 1390 4028 solem,
1425 3970 1543 4012 nos
1577 3949 1796 4013 sidera
1828 3950 2038 4013 noctis

546 4085 682 4135 1058
704 4087 836 4134 sunt

1562 4147 1678 4199 [36]

2732 1033 2865 1083 1040

2731 1582 2867 1632 1045

2732 2131 2867 2180 1050

2733 2852 2869 2901 1055

2734 3401 2870 3450 1060

2736 3948 2871 3997 1065
