3182 4602
1118 400 1180 450 T.
1222 400 1549 451 LVGRETI
1587 400 1766 451 CARI

373 620 489 679 aut
521 614 719 679 etiam
749 635 1116 693 properans
1143 616 1372 678 urbem
1404 614 1574 693 petit
1606 621 1801 692 atque
1834 613 2084 685 reuisit.

289 725 491 787 —hoc
524 745 590 789 se
623 724 898 802 quisque
929 725 1124 787 modo
1153 724 1366 802 fugit:
1403 731 1471 787 at
1503 744 1715 801 quem,
1748 723 2014 800 scilicet,
2048 730 2125 785 ut
2156 722 2250 799 fit,

297 878 302 882 -
375 835 662 912 effugere
690 835 858 898 haut
887 834 1063 913 potis
1093 841 1208 911 est,
1240 834 1570 919 ingratius
1599 834 1828 897 haeret
1860 840 1924 897 et
1949 832 2097 895 odit

374 951 746 1022 propterea,
777 944 990 1006 morbi
1019 944 1176 1021 quia
1205 964 1467 1007 causam
1497 963 1631 1005 non
1659 948 1841 1005 tenet
1872 962 2099 1020 aeger;
2549 938 2687 987 1070

375 1074 571 1131 quam
601 1055 765 1117 bene
797 1053 855 1116 si
886 1053 1133 1130 uideat,
1151 1053 1300 1116 iam
1332 1054 1529 1121 rebus
1564 1052 1840 1130 quisque
1874 1050 2122 1116 relictis

374 1170 685 1226 naturam
722 1163 1012 1241 primum
1045 1164 1310 1225 studeat
1347 1182 1730 1241 cognoscere
1766 1182 2009 1238 rerum,

374 1273 690 1351 temporis
725 1272 978 1337 aeterni
1014 1273 1344 1350 quoniam,
1380 1292 1515 1335 non
1548 1272 1751 1335 unius
1781 1272 2001 1347 horae,

377 1382 736 1461 ambigitur
771 1390 1004 1459 statuS,
1041 1382 1112 1443 in
1147 1402 1278 1460 quo
1310 1382 1396 1444 sit
1430 1381 1821 1444 mortalibus
1856 1380 2065 1443 omnis

377 1500 556 1555 aetas
588 1499 736 1570 post
766 1498 1042 1561 mortem
1073 1512 1239 1569 quae
1273 1498 1479 1555 restat
1511 1510 1790 1567 cumque
1819 1491 2166 1553 manenda.
2553 1486 2691 1535 1075

501 1686 803 1763 Denique
832 1692 1024 1748 tanto
1050 1706 1246 1763 opere
1277 1685 1348 1747 in
1379 1684 1603 1748 dubiis
1630 1684 1970 1762 trepidare
2000 1683 2265 1762 periclis

378 1816 542 1874 quae
575 1797 750 1859 mala
781 1816 901 1858 nos
933 1795 1179 1873 subigit
1203 1795 1381 1858 uitai
1414 1802 1609 1857 tanta
1641 1794 1925 1872 cupido?

378 1913 550 1969 certe
584 1905 886 1983 equidem
916 1904 1067 1967 finis
1097 1905 1278 1968 uitae
1310 1904 1701 1967 mortalibus
1733 1904 1953 1969 adstat

377 2037 495 2078 nec
529 2015 819 2078 deuitari
850 2016 1056 2078 letum
1091 2021 1242 2093 pote
1277 2014 1440 2092 quin
1475 2016 1797 2077 obeamus».

377 2132 721 2203 praeterea
753 2113 1108 2188 uersamur'
1130 2124 1372 2187 ibidem
1406 2130 1604 2200 atque
1638 2123 1934 2185 insumus
1964 2142 2171 2199 usque
2552 2116 2693 2166 1080

377 2255 494 2297 nec
523 2236 700 2297 noua
727 2234 1020 2297 uiuendo
1045 2233 1442 2313 procuditur
1471 2234 1614 2295 ulla·
1636 2233 1983 2311 uoluptas;

376 2347 491 2409 sed
525 2346 683 2408 dum
716 2347 898 2408 abest
931 2346 1106 2422 quod
1140 2365 1427 2420 auemuS,
1462 2344 1530 2405 id
1566 2363 1962 2421 exsuperare
1994 2341 2264 2405 uidetur

379 2462 628 2531 cetera3
661 2462 809 2533 post
843 2455 1028 2531 aliut,
1063 2475 1210 2517 cum
1243 2453 1520 2530 contigit
1554 2453 1743 2528 illud,
1779 2472 2048 2515 auemus

380 2571 443 2628 et
472 2565 620 2628 sitis
650 2586 859 2642 aequa
887 2570 1068 2627 tenet
1098 2564 1266 2626 uitai
1298 2584 1554 2641 semper
1582 2562 1851 2626 hiantis,

380 2681 770 2752 posteraque
801 2674 870 2735 in
897 2673 1164 2736 dubiost
1193 2673 1535 2736 fortunam
1565 2693 1764 2749 quam
1792 2674 1993 2734 uehat
2023 2678 2219 2747 aetas,
2556 2667 2696 2715 1085

382 2784 628 2861 quidue
660 2783 837 2846 ferat
868 2783 1056 2846 nobis
1087 2803 1274 2846 casus
1306 2782 1504 2859 quiue
1537 2782 1754 2845 exitus
1782 2781 2003 2843 instet.

381 2914 498 2957 nec
534 2913 841 2971 prorsum
875 2893 1085 2956 uitam
1123 2893 1423 2979 ducendo
1456 2891 1777 2954 demimus
1809 2891 2020 2952 hilum

380 3010 674 3081 tempore
711 3004 789 3065 de
822 3002 1054 3065 mortis
1086 3023 1205 3065 nec
1235 3002 1531 3064 delibare
1565 3001 1882 3076 ualemuS‚

382 3133 512 3191 quo
544 3113 764 3175 minus
797 3132 930 3174 esse
965 3112 1082 3174 diu
1116 3111 1441 3190 possimus
1472 3110 1648 3173 forte
1683 3109 2027 3188 perempti.

301 3223 662 3301 —proinde
694 3221 846 3284 licet
879 3222 1055 3298 quod
1087 3221 1191 3284 uis
1220 3220 1515 3282 uiuendo
1545 3220 1823 3282 condere
1856 3219 2100 3294 saecla3
2559 3213 2697 3262 1090

381 3351 558 3395 mors
590 3338 858 3395 aeterna
892 3338 1114 3394 tamen
1148 3330 1356 3392 nihilo
1390 3329 1611 3392 minus
1645 3329 1761 3392 illa
1795 3327 2105 3404 manebit,

384 3462 501 3505 nec
532 3441 752 3504 minus
782 3440 892 3504 ille
923 3441 1040 3502 diu
1073 3440 1203 3503 iam
1232 3460 1364 3502 non
1395 3439 1542 3515 erit,
1574 3461 1654 3502 ex
1683 3438 2002 3501 hodierno

385 3550 632 3615 lumine
666 3550 780 3628 qui
810 3535 1008 3612 finem
1039 3549 1210 3612 uitai
1242 3548 1420 3624 fecit,
1457 3556 1522 3611 et
1552 3549 1663 3610 ille

385 3660 716 3724 mensibus
748 3666 945 3737 atque
978 3658 1169 3722 annis
1201 3658 1314 3735 qui
1347 3657 1576 3720 multis
1607 3656 1844 3720 occidit
1878 3662 2049 3719 ante.

376 3793 507 3842 1068
527 3792 674 3853 vuzy.
708 3789 924 3856 fugitat

378 3861 509 3910 1069
529 3860 675 3921 vuly.
708 3859 954 3924 ingratis

379 3928 508 3979 1078
528 3927 676 3990 vuly.
709 3930 869 3977 certa
898 3924 1122 3989 quidem

1376 4169 1524 4220 [117]
