3182 4602
1141 388 1244 439 DE
1279 390 1546 440 RERVM
1579 389 1891 441 NATVRA
1930 389 2032 440 III

553 602 884 666 claudicat
920 602 1280 681 ingenium,
1319 603 1561 667 delirat
1597 604 1849 683 lingua,
1895 603 2226 676 <labat>
2270 622 2473 680 mens,

555 712 776 776 omnia
807 712 1123 777 deficiunt
1157 719 1355 792 atque
1387 734 1523 777 uno
1553 719 1848 792 tempore
1881 714 2139 776 desunt.

469 842 712 901 ——ergo
744 822 1016 885 dissolui
1050 842 1308 901 quoque
1342 824 1653 887 conuenit
1688 843 1942 887 omnem
1975 822 2221 886 animai
2766 819 2864 869 455

554 940 886 1009 naturam,
919 953 1037 996 ceu
1069 932 1315 1009 fumus,
1350 933 1420 995 in
1450 933 1623 996 altas
1654 932 1826 996 aeris
1855 953 2089 1009 auras3

556 1042 1090 1120 quandoquidem
1124 1042 1310 1121 gigni
1344 1042 1600 1121 pariter
1634 1042 2018 1121 pariterque
2052 1041 2356 1106 uidemus

555 1171 841 1215 crescere
875 1157 959 1229 et,
1005 1159 1230 1225 <ut>
1276 1152 1489 1229 docui,
1525 1152 1723 1215 simul
1755 1172 1920 1216 aeuo
1952 1151 2126 1215 fessa
2163 1151 2406 1215 fatisci.

683 1432 835 1493 Huc
867 1432 1118 1495 accedit
1147 1432 1249 1495 uti
1279 1432 1643 1509 uideamus,
1677 1452 1919 1510 corpus
1945 1439 2022 1495 ut
2055 1431 2273 1510 ipsum

555 1540 886 1623 suscipere
916 1541 1202 1604 inmanis
1231 1543 1488 1604 morbos
1517 1542 1893 1620 durumque
1920 1542 2229 1617 dolorem,
2770 1537 2866 1586 460

557 1650 648 1713 sic
683 1651 976 1714 animum
1009 1671 1202 1714 curas
1235 1652 1405 1714 acris
1438 1652 1820 1730 luctumque
1852 1659 2264 1729 metumque;

557 1781 761 1838 quare
796 1761 1191 1839 participem
1224 1761 1341 1824 leti
1374 1780 1632 1839 quoque
1667 1760 1976 1824 conuenit
2012 1780 2164 1824 esse.

593 1870 860 1949 —Quin
898 1869 1096 1934 etiam
1129 1871 1374 1934 morbis
1410 1870 1481 1932 in
1519 1870 1812 1948 corporis
1850 1871 2043 1934 auius
2078 1876 2259 1933 errat

557 2000 750 2058 saepe
785 1979 1078 2056 animus;
1114 1980 1433 2043 dementit
1467 1980 1640 2044 enim
1676 1980 2015 2058 deliraque
2051 1979 2240 2043 fatur

557 2090 1022 2168 interdumque
1058 2090 1252 2168 graui
1289 2091 1590 2167 lethargo
1627 2089 1848 2153 fertur
1887 2089 1958 2150 in
1996 2090 2205 2152 altum
2771 2086 2870 2135 465

557 2207 1026 2278 aeternumque
1059 2219 1357 2278 soporem
1390 2200 1595 2262 oculis
1627 2206 1929 2277 nutuque
1962 2198 2245 2276 cadenti,

556 2311 732 2374 unde
761 2330 972 2389 neque
1002 2311 1273 2374 exaudit
1301 2330 1494 2374 uoces
1520 2331 1639 2373 nec
1668 2330 1931 2372 noscere
1961 2311 2183 2372 uoltus

495 2493 500 2498 ⁸
557 2420 824 2483 illorum
854 2419 1030 2498 potis
1059 2427 1174 2497 est,
1205 2421 1290 2483 ad
1321 2420 1532 2483 uitam
1564 2419 1679 2498 qui
1708 2427 2093 2483 reuocantes

558 2529 990 2593 circumstant
1022 2530 1310 2592 lacrimis
1344 2537 1647 2592 rorantes
1678 2549 1793 2592 ora
1827 2548 2172 2606 genasque.

471 2660 762 2717 —quare
796 2640 1088 2703 animum
1122 2659 1379 2717 quoque
1412 2638 1687 2703 dissolui
1720 2639 1976 2702 fateare
2009 2645 2347 2715 necessest,
2772 2635 2871 2684 470

558 2749 1091 2827 quandoquidem
1127 2757 1479 2826 penetrant
1515 2748 1586 2810 in
1622 2769 1769 2811 eum
1804 2748 2111 2826 contagia
2142 2748 2387 2825 morbi3

558 2879 712 2922 nam
745 2859 931 2922 dolor
963 2879 1036 2921 ac
1066 2861 1331 2922 morbus
1364 2859 1480 2921 leti
1512 2858 1878 2921 fabricator
1907 2863 2269 2935 uterquest,

555 2969 916 3031 multorum
947 2968 1147 3030 exitio
1178 2969 1477 3046 perdocti
1508 2968 1685 3045 quod
1715 2988 1941 3031 sumus
1973 2974 2145 3030 ante.

530 3079 623 3156 [et
655 3079 964 3156 quoniam
997 3086 1281 3141 mentem
1314 3078 1538 3140 sanari
1570 3097 1810 3155 corpus
1842 3084 1919 3140 ut
1954 3097 2224 3155 aegrum

559 3196 622 3251 et
657 3189 910 3266 pariter
941 3196 1226 3251 mentem
1258 3188 1482 3250 sanari
1514 3207 1754 3265 corpus
1787 3187 2001 3264 inani]
2772 3181 2873 3231 475

682 3298 982 3376 Denique
1016 3318 1200 3376 quor,
1234 3297 1562 3360 hominem
1597 3318 1745 3359 cum
1777 3296 1923 3359 uini
1955 3296 2060 3360 uis
2094 3295 2475 3374 penetrauit

559 3408 729 3471 acris
761 3415 824 3471 et
855 3407 926 3468 in
957 3428 1161 3471 uenas
1191 3407 1487 3470 discessit
1519 3407 1775 3468 diditus
1807 3407 2025 3483 ardor,

557 3518 982 3596 consequitur
1017 3517 1318 3596 grauitas
1349 3518 1809 3592 membrorum,
1847 3515 2378 3608 praepediuntur

559 3648 757 3690 crura
785 3627 1150 3704 uacillanti‚
1184 3626 1501 3689 tardescit
1532 3625 1783 3703 lingua,
1815 3625 2037 3687 madet
2068 3646 2269 3703 menS,

558 3745 723 3800 nant
755 3738 944 3814 oculi,
976 3737 1220 3799 clamor
1249 3737 1580 3813 singultus
1612 3735 1832 3812 iurgia
1861 3734 2168 3813 gliscunt,
2772 3730 2869 3779 480

557 3855 621 3910 et
654 3847 784 3909 iam
814 3855 1028 3910 cetera
1059 3848 1138 3908 de
1169 3866 1403 3923 genere
1432 3846 1553 3908 hoc
1584 3863 2031 3923 quaecumque
2062 3851 2397 3921 secuntur,

559 3978 678 4020 cur
712 3978 787 4020 ea
817 3964 994 4033 sunt,
1028 3956 1157 4019 nisi
1191 3956 1367 4033 quod
1402 3956 1753 4019 uehemens
1785 3953 2105 4017 uiolentia
2140 3953 2286 4016 uini

559 4068 953 4129 conturbare
990 4066 1277 4129 animam
1310 4064 1652 4128 consueuit
1687 4083 1957 4140 corpore
1993 4062 2063 4125 in
2099 4063 2285 4142 ipso?

1567 4177 1681 4228 [96]
