3182 4602
906 350 1010 400 DE
1046 351 1312 401 RERVM
1347 351 1657 402 NATVRA
1697 353 1732 402 Ι

280 561 377 623 nil
409 562 752 639 prodesset
782 562 955 624 enim
984 563 1272 626 calidum
1303 564 1638 628 denserier
1667 565 1887 643 ignem

280 691 400 734 neo
434 671 751 749 rarefieri,
786 672 842 734 si
877 680 1103 750 partes
1135 673 1308 752 ignis
1341 675 1616 749 eandem

279 788 615 858 naturam,
650 802 847 859 quam
876 788 1057 846 totus
1088 785 1285 846 habet
1317 804 1518 862 super
1549 784 1741 861 igniS,
1773 786 2109 847 haberent.

249 891 500 967 (aerior
537 891 736 954 ardor
771 892 945 955 enim
982 893 1326 955 conductis
1359 892 1668 971 partibus
1701 900 1886 971 esset,

278 1001 665 1078 languidior
697 1021 898 1079 porro
929 1001 1219 1065 disiectis
1252 1002 1481 1080 disque
1513 1003 1823 1080 supatiS.)

280 1111 571 1188 amplius
602 1112 722 1174 hoe
753 1111 898 1175 fieri
931 1111 1099 1173 nihil
1132 1119 1228 1175 est
1262 1113 1438 1190 quod
1472 1133 1659 1190 posse
1691 1113 1899 1176 rearis

277 1219 528 1283 talibus
561 1220 631 1281 in
662 1220 894 1298 causiS,
925 1222 1172 1284 nedum
1203 1222 1542 1285 uariantia
1574 1242 1797 1284 rerum

278 1336 474 1393 tanta
505 1337 701 1408 queat
731 1331 956 1394 densis
984 1331 1284 1409 rarisque
1315 1353 1393 1395 ex
1425 1331 1691 1409 ignibus
1721 1352 1874 1395 esse.

196 1440 350 1501 —id
377 1459 677 1516 quoque:
713 1440 769 1502 si
803 1440 1058 1504 faciant
1093 1441 1462 1504 admixtum
1497 1443 1695 1503 rebus
1727 1441 1942 1518 inane,

280 1549 544 1612 denseri
578 1556 894 1627 poterunt
928 1549 1114 1628 ignes
1145 1550 1412 1628 rarique
1447 1551 1755 1628 relinqui.

278 1660 412 1736 sed,
449 1659 607 1736 quia
636 1660 851 1722 multa
879 1660 1004 1722 sibi
1037 1667 1317 1723 cernunt
1351 1661 1705 1737 contraria,
1740 1666 2037 1723 mussant

279 1776 342 1832 et
375 1768 680 1846 fugitant
711 1769 783 1830 in
814 1771 1010 1833 rebus
1042 1770 1239 1833 inane
1272 1770 1645 1847 relinquere
1677 1790 1941 1848 purum,

278 1880 493 1942 ardua
529 1879 688 1941 dum
721 1885 1046 1956 metuunt,
1084 1879 1403 1942 amittunt
1435 1901 1598 1943 uera
1631 1880 1788 1956 uiai,

276 2010 396 2052 nee
432 2010 703 2051 rursum
735 1997 1016 2053 cernunt
1051 1997 1354 2068 exempto
1385 1992 1580 2053 rebus
1615 1990 1801 2053 inani

277 2099 502 2162 omnia
535 2099 798 2162 denseri
828 2100 1100 2177 fierique
1134 2121 1214 2162 ex
1247 2099 1549 2162 omnibus
1580 2121 1790 2163 unum

277 2230 540 2287 eorpus,
568 2209 666 2270 nil
697 2211 778 2272 ab
808 2230 875 2273 se
905 2211 1081 2286 quod
1112 2210 1319 2288 possit
1348 2210 1612 2274 mittere
1642 2210 1925 2288 raptim;

278 2319 555 2383 aestifer
585 2319 760 2397 ignis
792 2321 895 2383 uti
928 2322 1151 2383 lumen
1185 2320 1343 2383 iacit
1378 2326 1574 2398 atque
1610 2341 1945 2398 uaporem,

276 2437 352 2493 ut
385 2430 621 2493 uideas
647 2450 779 2492 non
813 2453 846 2494 e
876 2430 1144 2509 stipatis
1173 2430 1480 2509 partibus
1512 2452 1665 2494 esse.

197 2541 454 2617 —quod
485 2540 543 2601 si
573 2539 748 2603 forte
781 2540 914 2603 alia
943 2541 1223 2604 eredunt
1255 2540 1512 2603 ratione
1546 2547 1799 2619 potesse

277 2650 453 2727 ignis
487 2650 558 2711 in
593 2657 782 2713 coetu
817 2650 1069 2728 stingui
1101 2658 1490 2728 mutareque
1525 2671 1783 2728 eoerS,

277 2760 527 2822 seilicet
558 2782 637 2823 ex
666 2761 856 2823 nulla
886 2760 1104 2824 faeere
1135 2760 1206 2823 id
1237 2761 1292 2823 si
1325 2768 1515 2839 parte
1548 2767 1917 2838 reparo-ent,

277 2869 529 2932 occidet
564 2870 649 2932 ad
682 2869 964 2932 nihilum
998 2870 1313 2933 nimirum
1348 2870 1662 2933 funditus
1696 2871 1895 2933 ardor

277 2980 490 3041 omnis
523 2986 586 3043 et
633 2990 814 3051 <e>
860 2980 1070 3042 nihilo
1102 2980 1263 3043 fient
1299 3001 1746 3057 quaecumque
1781 2987 2113 3043 creantur.

250 3089 436 3164 (nam
469 3090 926 3167 quodcumque
959 3090 1096 3153 suis
1130 3096 1461 3153 mutatum
1495 3090 1740 3153 finibus
1774 3090 1929 3167 exit,

279 3198 596 3261 continuo
625 3200 745 3261 hoo
778 3220 952 3262 mors
986 3206 1082 3261 est
1114 3200 1296 3262 illius
1328 3201 1502 3277 quod
1537 3199 1675 3262 fuit
1708 3200 1914 3276 ante.)

277 3309 560 3386 proinde
594 3308 832 3386 aliquit
866 3330 1180 3388 superare
1214 3330 1470 3373 neeesse
1504 3317 1601 3373 est
1632 3310 1957 3373 incolume
1990 3310 2155 3386 ollis,

279 3439 358 3480 ne
390 3418 517 3481 tibi
547 3438 652 3480 res
681 3419 956 3482 redeant
989 3419 1071 3482 ad
1105 3416 1318 3482 nilum
1351 3418 1665 3481 funditus
1698 3412 1917 3481 omnes

279 3530 358 3592 de
389 3528 658 3605 niloque
691 3535 925 3591 renata
956 3529 1252 3606 uigeseat
1284 3529 1475 3606 eopia
1505 3550 1747 3591 rerum.

201 3658 455 3701 —nuno
489 3638 699 3715 igitur
731 3638 1042 3715 quoniam
1073 3638 1436 3701 certissima
1469 3658 1749 3715 corpora
1780 3639 2102 3716 quaedam

279 3755 432 3811 sunt
470 3768 639 3825 quae
673 3753 1066 3811 conseruant
1102 3754 1413 3810 naturam
1449 3768 1705 3825 semper
1742 3748 2033 3824 eandem,

280 3877 560 3934 quorum
597 3857 784 3920 abitu
821 3864 936 3920 aut
974 3857 1164 3920 aditu
1199 3863 1582 3934 mutatoque
1620 3857 1849 3919 ordine
1885 3864 2149 3920 mutant

299 3989 398 4039 657
419 3988 520 4039 alii
549 3988 663 4037 alia

299 4059 398 4107 665
421 4058 559 4120 fort.
592 4057 711 4107 ulla

1286 4126 1371 4175 [23
1384 4125 1399 4175 ]

2495 891 2598 940 650

2495 1441 2598 1489 655

2495 1987 2598 2036 660

2492 2538 2595 2587 665

2491 3088 2593 3136 670

2490 3634 2593 3683 675
