3182 4602
1075 409 1136 458 T.
1179 409 1504 459 LVGRETI
1545 408 1723 459 CARI

329 625 800 702 androgynem‚
834 625 1329 702 interutrasque
1361 645 1480 688 nec
1512 631 1759 701 utrum,
1796 624 2130 701 utrimque
2163 629 2506 699 remotum,

328 734 487 796 orba
520 735 762 811 pedum
796 735 1062 812 partim,
1097 755 1413 797 manuum
1444 734 1725 797 uiduata
1758 733 2066 810 uicissim,
2540 728 2641 777 840

327 851 514 906 muta
549 843 688 907 sine
724 864 834 907 ore
867 843 1084 920 etiam,
1121 844 1260 908 sine
1295 845 1486 906 uoltu
1521 865 1711 907 caeca
1745 849 2030 922 reperta,

325 953 685 1030 uinctaque
717 955 1158 1016 membrorum
1195 974 1313 1032 per
1347 961 1561 1016 totum
1596 973 1835 1031 corpus
1871 953 2178 1028 adhaesu,

327 1083 448 1126 nec
482 1063 700 1126 facere
731 1070 808 1126 ut
839 1071 1104 1141 possent
1137 1063 1488 1140 quicquam
1521 1084 1640 1126 nec
1672 1063 1899 1126 cedere
1932 1082 2260 1139 quoquam

326 1192 447 1235 nec
479 1172 696 1235 uitare
728 1174 975 1235 malum
1006 1193 1125 1235 nec
1158 1193 1411 1236 sumere
1445 1174 1621 1250 quod
1655 1172 1831 1235 foret
1863 1192 2039 1235 usus,

328 1288 548 1346 cetera
577 1283 657 1346 de
687 1303 922 1360 genere
953 1284 1073 1346 hoc
1102 1290 1397 1345 monstra
1429 1303 1503 1345 ac
1533 1289 1843 1360 portenta
1875 1283 2158 1358 creabat,
2541 1276 2643 1325 845
2678 1353 2681 1358 ,

241 1392 749 1469 -nequiquam,
786 1392 1095 1469 quoniam
1130 1398 1374 1455 natura
1412 1391 1771 1454 absterruit
1809 1398 2077 1454 auctum

326 1523 447 1564 nec
482 1509 754 1580 potuere
787 1502 1088 1579 cupitum
1121 1502 1356 1565 aetatis
1386 1509 1660 1579 tangere
1694 1502 1919 1563 florem

327 1632 447 1674 nec
482 1611 774 1689 reperire
808 1612 1026 1674 cibum
1057 1632 1176 1674 nec
1210 1611 1400 1689 iungi
1432 1632 1550 1690 per
1583 1611 1863 1673 Veneris
1896 1631 2017 1672 res,

328 1723 542 1783 multa
573 1721 876 1784 uidemus
911 1721 1084 1785 enim
1117 1723 1313 1784 rebus
1348 1742 1737 1784 concurrere
1772 1721 2006 1784 debere

327 1838 405 1893 ut
440 1832 874 1909 propagando
908 1831 1161 1909 possint
1196 1832 1557 1908 procudere
1589 1832 1835 1907 saecla3
2542 1826 2643 1875 850

329 1942 578 2018 pabula
612 1941 901 2018 primum
935 1948 1012 2004 ut
1046 1941 1199 2017 sint,
1237 1940 1555 2019 genitalia.
1588 1941 1826 2003 deinde
1860 1961 1980 2018 per
2016 1947 2202 2003 artus

328 2050 580 2113 semina
613 2070 744 2127 qua
777 2051 1030 2128 possint
1063 2051 1370 2113 membris
1403 2070 1671 2113 manare
1707 2050 2027 2127 remissis;

329 2160 710 2237 feminaque
742 2167 818 2223 ut
849 2161 1142 2223 maribus
1175 2161 1486 2238 coniungi
1521 2160 1745 2238 possit,
1779 2161 2019 2224 habere

328 2277 564 2333 mutua
596 2269 710 2348 qui
740 2276 999 2334 mutent
1030 2271 1205 2333 inter
1237 2290 1302 2333 se
1332 2271 1578 2349 gaudia
1608 2278 1905 2349 uterque.

369 2382 800 2458 —Multaque
836 2389 979 2443 tum
1015 2381 1341 2443 interiisse
1378 2382 1791 2443 animantum
1826 2382 2037 2443 saecla
2072 2386 2389 2443 necessest
2542 2376 2643 2425 855

330 2511 450 2554 nec
486 2490 776 2568 potuisse
813 2492 1246 2568 propagando
1283 2492 1647 2569 procudere
1685 2492 1954 2569 prolem.

300 2600 488 2675 (nam
522 2621 968 2677 quaecumque
1002 2600 1190 2663 uides
1222 2600 1397 2663 uesci
1432 2600 1755 2663 uitalibus
1787 2600 1986 2676 auriS‚

332 2716 450 2772 aut
483 2709 675 2771 dolus
708 2716 825 2772 aut
858 2710 1079 2772 uirtus
1112 2717 1228 2773 aut
1262 2710 1542 2787 denique
1577 2710 1907 2772 mobilitas
1941 2716 2037 2773 est

332 2840 411 2881 ex
443 2819 712 2883 ineunte
747 2841 912 2883 aeuo
943 2841 1149 2897 genus
1183 2820 1250 2881 id
1285 2827 1665 2891 tuta<ta>
1709 2820 2108 2896 reseruanS.)

244 2930 672 3006 —multaque
705 2936 880 3005 sunt,
913 2930 1100 2991 nobis
1133 2950 1212 2991 ex
1244 2929 1536 2992 utilitate
1569 2950 1689 2991 sua
1720 2948 1886 3006 quae
2543 2925 2644 2974 860

333 3040 785 3101 commendata
818 3047 1107 3115 manent,
1143 3041 1391 3102 tutelae
1428 3039 1681 3101 tradita
1716 3046 1997 3101 nostrae.

331 3148 668 3226 principio
699 3168 906 3226 genus
940 3170 1086 3212 acre
1120 3150 1382 3211 leonum
1417 3169 1743 3225 saeuaque
1777 3149 1987 3211 saecla
2088 3146 2097 3154 ⁰

334 3264 617 3320 tutatast
648 3258 887 3334 uirtuS,
921 3259 1150 3336 uolpes
1184 3258 1372 3321 dolus
1406 3265 1470 3321 et
1504 3257 1669 3336 fuga
1703 3278 1943 3321 cervos

335 3373 404 3428 at
437 3366 800 3430 leuisomna
834 3388 1072 3430 canum
1107 3368 1240 3429 fido
1274 3388 1421 3429 cum
1459 3375 1721 3445 pectore
1760 3368 1959 3431 corda

335 3482 400 3537 et
433 3497 638 3553 genus
670 3496 857 3540 omne
891 3478 1066 3554 quod
1099 3484 1195 3540 est
1228 3477 1528 3539 ueterino
1560 3476 1803 3540 semine
1837 3482 2106 3555 partum
2544 3474 2647 3523 865

335 3586 797 3663 lanigeraeque
833 3586 1029 3648 simul
1063 3588 1346 3665 pecudes
1377 3594 1441 3649 et
1476 3589 1719 3649 bucera
1754 3588 1965 3651 saecla

337 3695 554 3757 omnia
589 3703 744 3758 sunt
779 3696 1117 3758 hominum
1151 3698 1398 3759 tutelae
1430 3696 1703 3773 tradita,
1740 3696 2025 3760 Memmi.

305 3804 491 3880 (nam
528 3804 766 3882 cupide
804 3805 1035 3882 fugere
1072 3805 1250 3867 feras
1285 3826 1640 3884 pacemque
1676 3814 1898 3869 secuta

358 3936 459 3984 839
478 3936 624 3996 vulg.
661 3935 1051 4001 androgynum

358 4004 456 4052 841
479 4003 660 4053 multa

357 4071 457 4121 852
476 4072 623 4133 vulg.
659 4070 883 4121 remissa

1328 4181 1476 4232 [193]
