3182 4602
1327 339 1388 388 T.
1426 337 1752 390 LVGRETI
1788 339 1967 391 CARI

585 551 832 616 scilicet
862 554 982 616 hoc
1016 553 1084 615 id
1119 553 1264 630 erit,
1299 575 1586 618 uacuum
1621 556 1797 632 quod
1830 555 2027 620 inane
2058 574 2389 618 necamus,

499 668 928 740 —praeterea
961 683 1080 741 per
1111 683 1177 727 se
1210 665 1667 742 quodcumque
1700 664 1846 741 erit,
1880 672 1997 728 aut
2032 664 2234 728 faciet
2267 663 2427 742 quid
2800 661 2905 711 440

585 779 703 835 aut
736 772 884 835 aliis
918 772 1115 852 fungi
1148 773 1409 837 debebit
1445 773 1797 851 agentibus
1828 774 2045 852 ipsum

585 889 702 945 aut
733 882 860 945 erit
890 890 967 946 ut
998 883 1252 961 possint
1273 883 1354 945 -in
1384 904 1460 947 eo
1487 904 1593 946 res
1621 903 1756 948 esse
1786 883 2075 962 gerique.

584 998 654 1054 at
685 991 905 1056 facere
936 999 1001 1056 et
1032 992 1229 1070 fungi
1259 993 1400 1057 sine
1431 1013 1704 1071 corpore
1736 994 1924 1056 nulla
1955 999 2171 1071 potest
2204 1012 2307 1056 res

584 1122 702 1164 1166
734 1103 1046 1178 praebere
1079 1103 1293 1165 locum
1324 1123 1525 1180 porro
1554 1102 1685 1166 nisi
1717 1103 1913 1165 inane
1944 1121 2337 1180 uacansque.

498 1230 743 1289 —ergo
775 1216 1039 1289 praeter
1073 1211 1268 1274 inane
1303 1219 1376 1276 et·
1400 1232 1678 1290 corpora
1709 1212 1911 1276 tertia
1944 1232 2064 1290 per
2094 1231 2161 1275 se
2798 1209 2904 1258 445

583 1322 770 1383 nulla
803 1327 1017 1398 potest
1050 1341 1273 1384 rerum
1305 1321 1377 1383 in
1409 1342 1686 1384 numero
1716 1329 1963 1384 natura
1996 1320 2302 1398 relinqui,

583 1451 703 1494 nec
735 1451 901 1508 quae
933 1432 1054 1493 sub
1085 1451 1313 1494 sensus
1344 1431 1538 1494 eadat
1570 1432 1708 1493 ullo
1740 1438 2034 1509 tempore
2067 1437 2326 1493 nostros

582 1560 700 1603 1166
733 1541 988 1603 ratione
1021 1540 1225 1605 animi
1257 1561 1455 1618 quam
1488 1540 1835 1618 quisquam
1869 1540 2074 1618 possit
2108 1539 2334 1617 apisci.

708 1819 877 1880 Nam
911 1840 1358 1897 quaecumque
1391 1821 1634 1896 cluent,
1671 1826 1787 1882 aut
1821 1819 1923 1881 his
1958 1819 2310 1882 coniuncta
2345 1820 2605 1882 duabus

584 1930 778 1991 rebus
815 1950 890 1992 ea
925 1928 1221 1993 invenies
1256 1909 1373 1992 aut
1408 1931 1646 1992 horum
1683 1936 1921 1992 euenta
1958 1929 2232 1992 uidebis,
2796 1926 2901 1976 450

586 2037 1028 2101 Coniunctum
1064 2046 1160 2102 est
1195 2018 1266 2101 id
1299 2021 1475 2116 quod
1511 2059 1839 2116 nusquam
1874 2038 2013 2102 sine
2050 2038 2412 2117 permitiali

581 2147 861 2211 discidio
895 2148 1069 2226 potis
1103 2154 1200 2212 est
1235 2148 1493 2238 seiungi
1526 2169 1722 2226 seque
1756 2148 2054 2226 gregari;

584 2258 845 2335 pondus
876 2258 979 2321 uti
1013 2257 1206 2335 saxis,
1242 2259 1419 2321 calor
1453 2257 1645 2336 ignis,
1680 2258 1898 2336 liquor
1932 2258 2149 2335 aquai,

581 2373 800 2431 tactus
837 2368 1222 2447 corporibus
1256 2368 1530 2445 cunctiS,
1569 2368 1861 2431 intactus
1897 2368 2101 2430 inani.

584 2560 950 2624 Seruitium
985 2569 1215 2625 contra
1251 2569 1615 2639 paupertas
1649 2562 2073 2640 diuitiaeque,
2795 2560 2899 2610 455

581 2671 851 2734 libertas
886 2672 1131 2733 bellum
1166 2671 1533 2748 concordia,
1571 2678 1788 2735 cetera
1824 2692 2104 2749 quorum

583 2781 878 2844 aduentu
909 2788 1130 2844 manet
1164 2780 1508 2844 incolumis
1539 2788 1786 2844 natura
1819 2782 2153 2858 abituque‚

579 2891 739 2953 haec
769 2891 945 2953 soliti
974 2912 1216 2968 811111118,
1247 2898 1325 2953 ut
1356 2912 1480 2969 par
1510 2898 1625 2967 est,
1658 2896 1903 2965 euenta*
1924 2911 2179 2953 uocare.

551 3000 847 3079 (tempus
878 3000 1035 3063 item
1068 3021 1187 3078 per
1221 3021 1286 3063 se
1319 3020 1452 3063 non
1485 3007 1602 3075 est,
1635 3001 1747 3063 sed
1783 3002 1978 3063 rebus
2012 3001 2093 3063 ab
2128 3000 2289 3078 ipsis

581 3110 1004 3187 consequitur
1036 3131 1281 3185 86118118,
1317 3115 1730 3173 transactum
1764 3110 1925 3187 quid
1961 3110 2046 3172 sit
2080 3110 2153 3171 in
2186 3130 2367 3187 aeuo,
2794 3108 2897 3158 460

579 3226 724 3282 tum
756 3240 923 3297 quae
954 3239 1057 3282 res
1088 3200 1308 3295 instet,
1342 3219 1503 3297 quid
1537 3239 1738 3297 porro
1766 3219 2005 3283 deinde
2036 3226 2371 3297 sequatur.

579 3349 698 3391 nec
729 3349 848 3407 per
877 3348 943 3391 se
975 3349 1367 3407 quemquam
1395 3336 1658 3406 tempus
1687 3329 1930 3392 sentire
1963 3328 2375 3392 fatendumst

580 3445 898 3501 semotum
930 3440 1010 3501 ab
1043 3460 1265 3501 rerum
1297 3419 1479 3501 motu
1514 3438 1906 3516 placidaque
1941 3438 2213 3515 quiete.)

705 3548 1005 3625 Denique
1043 3547 1491 3642 Tyndaridem
1526 3554 1790 3625 raptam
1824 3549 2121 3624 belloque
2156 3549 2461 3610 subactas

583 3658 1012 3735 Troiiugenas
1047 3657 1261 3735 gentis
1296 3677 1445 3720 cum
1481 3657 1713 3754 dicunt
1748 3676 1900 3757 esse,
1935 3657 2363 3724 uidendumst
2793 3656 2898 3705 465

579 3789 660 3832 116
697 3768 873 3831 forte
907 3768 1066 3831 haec
1102 3788 1220 3845 per
1254 3787 1320 3830 se
1356 3773 1593 3844 cogant
1627 3786 1746 3829 nos
1782 3752 1916 3831 esse
1953 3766 2176 3843 fateri,

580 3878 848 3955 quando
874 3898 948 3941 ea
978 3878 1188 3941 saecla
1204 3857 1574 3953 hominum,
1607 3896 1887 3953 quorum
1913 3877 2073 3939 11666
2102 3882 2342 3940 euenta
2370 3874 2670 3948 fuerunt,

597 4008 960 4060 453αΜὶαΜα

1478 4124 1482 4127 ’
1585 4124 1701 4177 [16]
