3182 4602
1213 389 1272 437 T.
1315 388 1643 439 LVGRETI
1681 388 1859 439 CARI

464 604 580 666 sed
613 609 798 682 patet
830 603 1101 666 immani
1135 611 1199 667 et
1230 611 1424 666 uasto
1453 610 1783 683 respectat
1812 602 2023 666 hiatu.

767 709 863 759 ΕΤ
903 708 1201 759 NATIVA
1240 710 1422 760 ESSE
1463 709 1626 760 CVM
1666 709 1841 760 SINT
1882 708 2284 759 MORTALIA

465 819 671 877 quare
705 799 903 862 etiam
934 799 1171 862 natiua
1201 806 1599 862 necessumst
1634 798 1984 862 confiteare

462 909 623 970 haec
653 909 912 985 eadem3
942 928 1152 985 neque
1182 908 1375 986 enim,
1404 908 1671 971 mortali
1702 928 1973 986 corpore
2003 928 2169 985 quae
2198 914 2375 984 sunt,

463 1038 545 1081 ex
573 1017 838 1080 infinito
867 1018 999 1081 iam
1029 1025 1323 1096 tempore
1355 1019 1572 1081 adhuc
1606 1018 1977 1096 potuissent

463 1127 746 1190 inmensi
776 1128 1036 1191 ualidas
1069 1128 1218 1191 aeui
1251 1134 1664 1190 contemnere
1694 1127 1891 1190 uireS.

592 1322 892 1400 Denique
926 1330 1273 1401 tantopere
1308 1323 1483 1384 inter
1517 1342 1582 1384 se
1619 1343 1768 1385 cum
1800 1321 2086 1384 maxima
2118 1321 2355 1385 mundi

462 1439 767 1510 pugnent
798 1433 1108 1509 membra,
1144 1433 1257 1510 pio
1287 1453 1705 1510 nequaquam
1739 1432 1994 1495 concita
2027 1432 2215 1508 bello,

373 1561 682 1604 —nonne
711 1535 902 1604 uides
937 1542 1227 1619 aliquam
1259 1542 1440 1620 longi
1476 1541 1856 1604 certaminis
1892 1541 2037 1603 ollis

464 1671 651 1729 posse
681 1651 831 1714 dari
861 1651 1076 1728 finem,
1110 1652 1215 1713 vel
1247 1672 1395 1714 cum
1425 1652 1521 1714 sol
1554 1658 1620 1714 et
1651 1670 1864 1727 uapor
1897 1651 2106 1713 omnis

461 1761 765 1823 omnibus
799 1761 1010 1838 epotis
1039 1761 1379 1824 umoribus
1412 1760 1919 1838 exsuperarint‘l

464 1871 642 1948 quod
679 1871 898 1934 facere
933 1871 1312 1947 intendunt,
1349 1891 1561 1948 neque
1600 1871 1816 1933 adhuc
1854 1876 2091 1932 conata
2126 1875 2518 1946 patrarunt:

462 1987 728 2043 tantum
763 1980 1199 2058 suppeditant
1233 2001 1456 2043 amnes
1488 1981 1801 2056 ultraque
1835 1979 2181 2042 minantur

464 2089 686 2153 omnia
719 2089 1049 2153 diluuiare
1086 2112 1165 2153 ex
1201 2091 1337 2153 alto
1369 2090 1635 2168 gurgite
1672 2089 1880 2166 ponti,

373 2199 884 2276 —nequiquam,
920 2199 1230 2277 quoniam
1263 2207 1607 2262 uerrentes
1640 2219 1925 2276 aequora
1956 2199 2144 2262 uenti

465 2310 862 2373 deminuunt
897 2310 1232 2387 radiisque
1268 2317 1569 2373 retexens
1608 2309 1939 2373 aetherius
1975 2310 2088 2387 sol,

463 2426 530 2482 et
562 2419 805 2483 siccare
839 2419 1028 2498 prius
1062 2420 1404 2484 confidunt
1441 2420 1659 2482 omnia
1696 2440 1882 2498 posse

464 2550 661 2605 quam
695 2530 914 2606 liquor
948 2529 1197 2607 incepti
1233 2530 1440 2607 possit
1475 2530 1856 2607 contingere
1890 2529 2106 2591 finem.

375 2642 728 2702 —tantum
764 2639 1096 2717 spirantes
1130 2659 1337 2716 aequo
1372 2640 1729 2702 certamine
1765 2640 2009 2702 bellum

475 2748 725 2821 <inter
762 2759 905 2822 se>
950 2749 1207 2826 magnis
1245 2750 1325 2812 de
1364 2750 1559 2812 rebus
1596 2770 1862 2813 cernere
1902 2756 2179 2825 certant,

463 2877 612 2919 cum
648 2859 843 2919 semel
878 2857 1131 2920 interea
1168 2858 1378 2921 fuerit
1414 2858 1838 2936 superantior
1876 2858 2049 2936 ignis

466 2974 530 3029 et
560 2967 773 3044 semel,
806 2975 883 3030 ut
915 2966 1098 3029 fama
1128 2974 1243 3044 est,
1275 2987 1466 3029 umor
1498 2968 1797 3045 regnarit
1832 2968 1902 3029 in
1934 2967 2134 3031 aruis.

432 3075 639 3153 (ignis
671 3076 845 3139 enim
876 3077 1224 3155 superauit
1256 3083 1321 3139 et
1354 3077 1623 3139 ambens
1652 3078 1866 3140 multa
1895 3078 2202 3154 perussit,

933 3183 1033 3232 DE
1080 3181 1603 3233 PHAETHONTE
1651 3182 1862 3234 SOLIS
1910 3182 2119 3233 FILIO

466 3256 620 3333 auia
648 3292 797 3334 cum
826 3272 1243 3334 Phaethonta
1271 3292 1482 3350 rapax
1511 3272 1617 3335 uis
1648 3272 1800 3334 solis
1831 3292 2147 3349 equorum

467 3382 726 3444 aethere
760 3381 1060 3458 raptauit
1094 3388 1234 3444 toto
1262 3386 1605 3459 terrasque
1638 3402 1757 3459 per
1790 3383 2017 3444 omnis,

466 3496 534 3552 at
566 3496 757 3567 pater
787 3490 1201 3568 omnipotens
1232 3490 1333 3553 ira
1362 3496 1505 3554 tum
1539 3490 1831 3569 percitus
1864 3491 2001 3554 acri

465 3600 958 3677 magnanimum
993 3600 1409 3665 Phaethonta
1443 3600 1704 3679 repenti
1740 3600 2042 3663 fulminis
2076 3600 2214 3664 ictu

466 3709 851 3771 deturbauit
887 3709 1074 3786 equis
1106 3710 1176 3770 in
1210 3717 1474 3785 terram,
1511 3711 1735 3787 solque
1771 3710 2034 3772 cadenti

467 3818 698 3881 obuius
731 3825 1067 3881 aeternam
1097 3819 1389 3897 succepit
1421 3820 1732 3897 lampada
1763 3819 1997 3881 mundi

487 3950 588 3999 385
608 3954 915 4014 patrantur

488 4017 588 4065 393
609 4017 708 4066 alii
738 4018 959 4083 magnis
993 4018 1211 4075 <inter
1240 4031 1363 4075 se>
1397 4020 1484 4068 vel
1515 4019 1684 4069 rebus
1720 4019 1938 4077 <inter
1969 4021 2093 4076 se>

487 4086 589 4134 396
610 4086 754 4147 vulg.
785 4088 1008 4149 superat
1039 4089 1094 4135 et
1125 4085 1370 4136 lambens

1455 4173 1602 4224 [177]

2677 597 2780 647 375

2677 1317 2779 1366 380

2677 1867 2780 1916 385

2677 2415 2781 2465 390

2676 2965 2781 3014 395

2679 3599 2779 3648 400
