<?xml version="1.0" encoding="UTF-8"?>
<!DOCTYPE html PUBLIC "-//W3C//DTD XHTML 1.0 Transitional//EN"
    "http://www.w3.org/TR/xhtml1/DTD/xhtml1-transitional.dtd">
<html xmlns="http://www.w3.org/1999/xhtml" xml:lang="en" lang="en">
 <head>
  <title>
</title>
<meta http-equiv="Content-Type" content="text/html;charset=utf-8" />
  <meta name='ocr-system' content='tesseract 3.04.00' />
  <meta name='ocr-capabilities' content='ocr_page ocr_carea ocr_par ocr_line ocrx_word'/>
</head>
<body>
  <div class='ocr_page' id='page_1' title='image "./lvcretiderervmn00unkngoog_0246.png"; bbox 0 0 3182 4602; ppageno 0'>
   <div class='ocr_carea' id='block_1_1' title="bbox 1203 431 1851 483">
    <p class='ocr_par' dir='ltr' id='par_1_1' title="bbox 1203 431 1851 483">
     <span class='ocr_line' id='line_1_1' title="bbox 1203 431 1851 483; baseline -0.002 -2"><span class='ocrx_word' id='word_1_1' title='bbox 1203 433 1264 481; x_wconf 81' lang='lat' dir='ltr'><strong>T.</strong></span> <span class='ocrx_word' id='word_1_2' title='bbox 1290 432 1633 483; x_wconf 80' lang='lat' dir='ltr'><strong><em>&#39;LVGBETI</em></strong></span> <span class='ocrx_word' id='word_1_3' title='bbox 1673 431 1851 482; x_wconf 82' lang='lat' dir='ltr'><strong><em>CARI</em></strong></span> 
     </span>
    </p>
   </div>
   <div class='ocr_carea' id='block_1_2' title="bbox 369 645 2769 1497">
    <p class='ocr_par' dir='ltr' id='par_1_2' title="bbox 454 645 2769 1166">
     <span class='ocr_line' id='line_1_2' title="bbox 457 645 2239 726; baseline -0.002 -16"><span class='ocrx_word' id='word_1_4' title='bbox 457 669 734 726; x_wconf 87' lang='lat' dir='ltr'><strong>corpora</strong></span> <span class='ocrx_word' id='word_1_5' title='bbox 766 669 934 725; x_wconf 90' lang='lat' dir='ltr'><strong>quae</strong></span> <span class='ocrx_word' id='word_1_6' title='bbox 971 648 1231 711; x_wconf 79' lang='lat' dir='ltr'><strong>faciunt</strong></span> <span class='ocrx_word' id='word_1_7' title='bbox 1266 648 1461 711; x_wconf 91' lang='lat' dir='ltr'><strong>nubis</strong></span> <span class='ocrx_word' id='word_1_8' title='bbox 1497 648 1879 725; x_wconf 81' lang='lat' dir='ltr'><strong>nimbosque</strong></span> <span class='ocrx_word' id='word_1_9' title='bbox 1916 645 2239 723; x_wconf 82' lang='lat' dir='ltr'><strong>uolantis3</strong></span> 
     </span>
     <span class='ocr_line' id='line_1_3' title="bbox 456 752 2769 835; baseline -0.001 -16"><span class='ocrx_word' id='word_1_10' title='bbox 456 758 1002 821; x_wconf 82' lang='lat' dir='ltr'>innumerabilem</span> <span class='ocrx_word' id='word_1_11' title='bbox 1031 758 1204 819; x_wconf 91' lang='lat' dir='ltr'><strong>enim</strong></span> <span class='ocrx_word' id='word_1_12' title='bbox 1233 777 1582 821; x_wconf 90' lang='lat' dir='ltr'><strong>numerum</strong></span> <span class='ocrx_word' id='word_1_13' title='bbox 1612 776 2059 834; x_wconf 90' lang='lat' dir='ltr'><strong>summamque</strong></span> <span class='ocrx_word' id='word_1_14' title='bbox 2089 755 2415 835; x_wconf 79' lang='lat' dir='ltr'><strong>profundi</strong></span> <span class='ocrx_word' id='word_1_15' title='bbox 2666 752 2769 802; x_wconf 88' lang='lat'><strong>485</strong></span> 
     </span>
     <span class='ocr_line' id='line_1_4' title="bbox 456 868 1958 945; baseline -0.002 -13"><span class='ocrx_word' id='word_1_16' title='bbox 456 889 590 932; x_wconf 90' lang='lat' dir='ltr'><strong>esse</strong></span> <span class='ocrx_word' id='word_1_17' title='bbox 623 868 953 932; x_wconf 91' lang='lat' dir='ltr'><strong>infinitam</strong></span> <span class='ocrx_word' id='word_1_18' title='bbox 986 868 1201 945; x_wconf 91' lang='lat' dir='ltr'><strong>docui,</strong></span> <span class='ocrx_word' id='word_1_19' title='bbox 1239 874 1619 945; x_wconf 91' lang='lat' dir='ltr'><strong>quantaque</strong></span> <span class='ocrx_word' id='word_1_20' title='bbox 1653 868 1958 930; x_wconf 91' lang='lat' dir='ltr'><strong>uolarent</strong></span> 
     </span>
     <span class='ocr_line' id='line_1_5' title="bbox 455 978 2087 1056; baseline -0.001 -16"><span class='ocrx_word' id='word_1_21' title='bbox 455 998 732 1056; x_wconf 86' lang='lat' dir='ltr'><strong>corpora</strong></span> <span class='ocrx_word' id='word_1_22' title='bbox 764 978 1129 1041; x_wconf 81' lang='lat' dir='ltr'><strong>mobilitate</strong></span> <span class='ocrx_word' id='word_1_23' title='bbox 1165 978 1420 1040; x_wconf 91' lang='lat' dir='ltr'><strong>ostendi</strong></span> <span class='ocrx_word' id='word_1_24' title='bbox 1456 997 1781 1055; x_wconf 89' lang='lat' dir='ltr'><strong>quamque</strong></span> <span class='ocrx_word' id='word_1_25' title='bbox 1817 983 2087 1055; x_wconf 89' lang='lat' dir='ltr'><strong>repente</strong></span> 
     </span>
     <span class='ocr_line' id='line_1_6' title="bbox 454 1087 2264 1166; baseline -0.001 -17"><span class='ocrx_word' id='word_1_26' title='bbox 454 1088 943 1153; x_wconf 83' lang='lat' dir='ltr'><strong>inmemorabile</strong></span> <span class='ocrx_word' id='word_1_27' title='bbox 992 1098 1260 1166; x_wconf 89' lang='lat' dir='ltr'><strong>&lt;per&gt;</strong></span> <span class='ocrx_word' id='word_1_28' title='bbox 1307 1088 1601 1166; x_wconf 91' lang='lat' dir='ltr'><strong>spatium</strong></span> <span class='ocrx_word' id='word_1_29' title='bbox 1636 1087 1924 1150; x_wconf 89' lang='lat' dir='ltr'><strong>transire</strong></span> <span class='ocrx_word' id='word_1_30' title='bbox 1962 1087 2264 1150; x_wconf 86' lang='lat' dir='ltr'><strong>solerent.</strong></span> 
     </span>
    </p>

    <p class='ocr_par' dir='ltr' id='par_1_3' title="bbox 369 1198 2765 1497">
     <span class='ocr_line' id='line_1_7' title="bbox 369 1198 2076 1276; baseline -0.001 -16"><span class='ocrx_word' id='word_1_31' title='bbox 369 1200 618 1262; x_wconf 90' lang='lat' dir='ltr'><strong>—haut</strong></span> <span class='ocrx_word' id='word_1_32' title='bbox 651 1198 860 1276; x_wconf 87' lang='lat' dir='ltr'><strong>igitur</strong></span> <span class='ocrx_word' id='word_1_33' title='bbox 891 1198 1196 1261; x_wconf 85' lang='lat' dir='ltr'><strong>mirumst</strong></span> <span class='ocrx_word' id='word_1_34' title='bbox 1228 1199 1283 1260; x_wconf 90' lang='lat' dir='ltr'><strong>si</strong></span> <span class='ocrx_word' id='word_1_35' title='bbox 1315 1219 1530 1276; x_wconf 89' lang='lat' dir='ltr'><strong>paruo</strong></span> <span class='ocrx_word' id='word_1_36' title='bbox 1557 1204 1851 1275; x_wconf 87' lang='lat' dir='ltr'><strong>tempore</strong></span> <span class='ocrx_word' id='word_1_37' title='bbox 1884 1217 2076 1275; x_wconf 88' lang='lat' dir='ltr'><strong>saepe</strong></span> 
     </span>
     <span class='ocr_line' id='line_1_8' title="bbox 453 1303 2765 1386; baseline -0 -15"><span class='ocrx_word' id='word_1_38' title='bbox 453 1316 590 1372; x_wconf 88' lang='lat' dir='ltr'><strong>tam</strong></span> <span class='ocrx_word' id='word_1_39' title='bbox 623 1309 879 1386; x_wconf 87' lang='lat' dir='ltr'><strong>magnis</strong></span> <span class='ocrx_word' id='word_1_40' title='bbox 911 1308 1156 1382; x_wconf 38' lang='lat' dir='ltr'><strong>nimbis„</strong></span> <span class='ocrx_word' id='word_1_41' title='bbox 1185 1315 1542 1386; x_wconf 86' lang='lat' dir='ltr'><strong>tempestas</strong></span> <span class='ocrx_word' id='word_1_42' title='bbox 1574 1315 1773 1384; x_wconf 90' lang='lat' dir='ltr'><strong>atque</strong></span> <span class='ocrx_word' id='word_1_43' title='bbox 1806 1307 2115 1370; x_wconf 86' lang='lat' dir='ltr'><strong>tenebrae</strong></span> <span class='ocrx_word' id='word_1_44' title='bbox 2663 1303 2765 1352; x_wconf 88' lang='lat'><strong>490</strong></span> 
     </span>
     <span class='ocr_line' id='line_1_9' title="bbox 454 1418 2053 1497; baseline -0.002 -16"><span class='ocrx_word' id='word_1_45' title='bbox 454 1418 794 1497; x_wconf 84' lang='lat' dir='ltr'><strong>coperiant</strong></span> <span class='ocrx_word' id='word_1_46' title='bbox 830 1419 1041 1481; x_wconf 88' lang='lat' dir='ltr'><strong>maria</strong></span> <span class='ocrx_word' id='word_1_47' title='bbox 1077 1439 1151 1481; x_wconf 89' lang='lat' dir='ltr'><strong>ac</strong></span> <span class='ocrx_word' id='word_1_48' title='bbox 1185 1426 1401 1481; x_wconf 89' lang='lat' dir='ltr'><strong>terras</strong></span> <span class='ocrx_word' id='word_1_49' title='bbox 1436 1418 1716 1495; x_wconf 92' lang='lat' dir='ltr'><strong>inpensa</strong></span> <span class='ocrx_word' id='word_1_50' title='bbox 1752 1437 2053 1495; x_wconf 86' lang='lat' dir='ltr'><strong>superne,</strong></span> 
     </span>
    </p>
   </div>
   <div class='ocr_carea' id='block_1_3' title="bbox 452 1526 2287 1686">
    <p class='ocr_par' dir='ltr' id='par_1_4' title="bbox 452 1526 2287 1686">
     <span class='ocr_line' id='line_1_10' title="bbox 452 1526 2287 1606; baseline -0.003 -14"><span class='ocrx_word' id='word_1_51' title='bbox 452 1529 746 1606; x_wconf 91' lang='lat' dir='ltr'><strong>undique</strong></span> <span class='ocrx_word' id='word_1_52' title='bbox 782 1528 1314 1606; x_wconf 91' lang='lat' dir='ltr'><strong>quandoquidem</strong></span> <span class='ocrx_word' id='word_1_53' title='bbox 1350 1549 1468 1606; x_wconf 87' lang='lat' dir='ltr'><strong>per</strong></span> <span class='ocrx_word' id='word_1_54' title='bbox 1502 1529 1729 1590; x_wconf 87' lang='lat' dir='ltr'><strong>caulas</strong></span> <span class='ocrx_word' id='word_1_55' title='bbox 1761 1527 2043 1590; x_wconf 87' lang='lat' dir='ltr'><strong>aetheris</strong></span> <span class='ocrx_word' id='word_1_56' title='bbox 2077 1526 2287 1589; x_wconf 88' lang='lat' dir='ltr'><strong>omnis</strong></span> 
     </span>
     <span class='ocr_line' id='line_1_11' title="bbox 1147 1634 1877 1686; baseline -0.003 -1"><span class='ocrx_word' id='word_1_57' title='bbox 1147 1634 1575 1686; x_wconf 84' lang='lat' dir='ltr'><strong>SPIRACVLA</strong></span> <span class='ocrx_word' id='word_1_58' title='bbox 1618 1634 1877 1684; x_wconf 89' lang='lat' dir='ltr'>MVNDI</span> 
     </span>
    </p>
   </div>
   <div class='ocr_carea' id='block_1_4' title="bbox 453 1725 2091 1914">
    <p class='ocr_par' dir='ltr' id='par_1_5' title="bbox 453 1725 2091 1914">
     <span class='ocr_line' id='line_1_12' title="bbox 453 1725 2064 1805; baseline -0.002 -15"><span class='ocrx_word' id='word_1_59' title='bbox 453 1734 517 1790; x_wconf 92' lang='lat' dir='ltr'><strong>et</strong></span> <span class='ocrx_word' id='word_1_60' title='bbox 550 1727 739 1804; x_wconf 90' lang='lat' dir='ltr'><strong>quasi</strong></span> <span class='ocrx_word' id='word_1_61' title='bbox 772 1747 891 1805; x_wconf 90' lang='lat' dir='ltr'><strong>per</strong></span> <span class='ocrx_word' id='word_1_62' title='bbox 923 1727 1148 1805; x_wconf 88' lang='lat' dir='ltr'><strong>magni</strong></span> <span class='ocrx_word' id='word_1_63' title='bbox 1182 1727 1429 1790; x_wconf 89' lang='lat' dir='ltr'><strong>circum</strong></span> <span class='ocrx_word' id='word_1_64' title='bbox 1463 1726 1799 1804; x_wconf 87' lang='lat' dir='ltr'><strong>spiracula</strong></span> <span class='ocrx_word' id='word_1_65' title='bbox 1830 1725 2064 1788; x_wconf 91' lang='lat' dir='ltr'><strong>mundi</strong></span> 
     </span>
     <span class='ocr_line' id='line_1_13' title="bbox 453 1835 2091 1914; baseline 0 -16"><span class='ocrx_word' id='word_1_66' title='bbox 453 1837 667 1900; x_wconf 88' lang='lat' dir='ltr'><strong>exitus</strong></span> <span class='ocrx_word' id='word_1_67' title='bbox 703 1836 1144 1914; x_wconf 86' lang='lat' dir='ltr'><strong>introitusque</strong></span> <span class='ocrx_word' id='word_1_68' title='bbox 1181 1837 1517 1899; x_wconf 89' lang='lat' dir='ltr'><strong>elementis</strong></span> <span class='ocrx_word' id='word_1_69' title='bbox 1552 1835 1855 1898; x_wconf 91' lang='lat' dir='ltr'><strong>redditus</strong></span> <span class='ocrx_word' id='word_1_70' title='bbox 1891 1842 2091 1899; x_wconf 87' lang='lat' dir='ltr'><strong>extat.</strong></span> 
     </span>
    </p>
   </div>
   <div class='ocr_carea' id='block_1_5' title="bbox 575 1993 2765 2199">
    <p class='ocr_par' dir='ltr' id='par_1_6' title="bbox 575 1993 2765 2199">
     <span class='ocr_line' id='line_1_14' title="bbox 1237 1993 1770 2081; baseline -0.002 0"><span class='ocrx_word' id='word_1_71' title='bbox 1237 1993 1353 2081; x_wconf 20' lang='lat' dir='ltr'><strong>‘DE</strong></span> <span class='ocrx_word' id='word_1_72' title='bbox 1393 2029 1770 2080; x_wconf 77' lang='lat' dir='ltr'><strong>IMBRIBvs</strong></span> 
     </span>
     <span class='ocr_line' id='line_1_15' title="bbox 575 2113 2765 2199; baseline -0.001 -17"><span class='ocrx_word' id='word_1_73' title='bbox 575 2121 770 2183; x_wconf 90' lang='lat' dir='ltr'><strong>Nunc</strong></span> <span class='ocrx_word' id='word_1_74' title='bbox 803 2141 940 2198; x_wconf 85' lang='lat' dir='ltr'><strong>age,</strong></span> <span class='ocrx_word' id='word_1_75' title='bbox 975 2140 1105 2198; x_wconf 92' lang='lat' dir='ltr'><strong>quo</strong></span> <span class='ocrx_word' id='word_1_76' title='bbox 1137 2127 1331 2199; x_wconf 88' lang='lat' dir='ltr'><strong>pacto</strong></span> <span class='ocrx_word' id='word_1_77' title='bbox 1363 2120 1636 2198; x_wconf 91' lang='lat' dir='ltr'><strong>pluuius</strong></span> <span class='ocrx_word' id='word_1_78' title='bbox 1668 2126 2040 2182; x_wconf 81' lang='lat' dir='ltr'><strong>concrescat</strong></span> <span class='ocrx_word' id='word_1_79' title='bbox 2071 2119 2143 2180; x_wconf 94' lang='lat' dir='ltr'><strong>in</strong></span> <span class='ocrx_word' id='word_1_80' title='bbox 2175 2118 2327 2182; x_wconf 91' lang='lat' dir='ltr'><strong>altis</strong></span> <span class='ocrx_word' id='word_1_81' title='bbox 2660 2113 2765 2164; x_wconf 87' lang='lat'><strong>495</strong></span> 
     </span>
    </p>
   </div>
   <div class='ocr_carea' id='block_1_6' title="bbox 445 2219 2761 3955">
    <p class='ocr_par' dir='ltr' id='par_1_7' title="bbox 450 2219 2107 2294">
     <span class='ocr_line' id='line_1_16' title="bbox 450 2219 2107 2294; baseline -0.001 -2"><span class='ocrx_word' id='word_1_82' title='bbox 450 2219 737 2294; x_wconf 86' lang='lat' dir='ltr'><strong>nubibus</strong></span> <span class='ocrx_word' id='word_1_83' title='bbox 767 2251 957 2293; x_wconf 88' lang='lat' dir='ltr'><strong>umor</strong></span> <span class='ocrx_word' id='word_1_84' title='bbox 990 2237 1054 2293; x_wconf 92' lang='lat' dir='ltr'><strong>et</strong></span> <span class='ocrx_word' id='word_1_85' title='bbox 1087 2230 1158 2292; x_wconf 95' lang='lat' dir='ltr'><strong>in</strong></span> <span class='ocrx_word' id='word_1_86' title='bbox 1191 2237 1403 2293; x_wconf 86' lang='lat' dir='ltr'><strong>terras</strong></span> <span class='ocrx_word' id='word_1_87' title='bbox 1437 2230 1755 2293; x_wconf 88' lang='lat' dir='ltr'><strong>demissus</strong></span> <span class='ocrx_word' id='word_1_88' title='bbox 1787 2236 1866 2292; x_wconf 91' lang='lat' dir='ltr'><strong>ut</strong></span> <span class='ocrx_word' id='word_1_89' title='bbox 1898 2229 2107 2291; x_wconf 89' lang='lat' dir='ltr'><strong>imber</strong></span> 
     </span>
    </p>

    <p class='ocr_par' dir='ltr' id='par_1_8' title="bbox 451 2339 2255 2419">
     <span class='ocr_line' id='line_1_17' title="bbox 451 2339 2255 2419; baseline -0.002 -15"><span class='ocrx_word' id='word_1_90' title='bbox 451 2342 731 2418; x_wconf 85' lang='lat' dir='ltr'><strong>decidat,</strong></span> <span class='ocrx_word' id='word_1_91' title='bbox 767 2342 1129 2419; x_wconf 86' lang='lat' dir='ltr'><strong>expediam.</strong></span> <span class='ocrx_word' id='word_1_92' title='bbox 1203 2342 1580 2419; x_wconf 85' lang='lat' dir='ltr'><strong>—primum</strong></span> <span class='ocrx_word' id='word_1_93' title='bbox 1613 2341 1745 2404; x_wconf 89' lang='lat' dir='ltr'><strong>iam</strong></span> <span class='ocrx_word' id='word_1_94' title='bbox 1776 2340 2026 2404; x_wconf 91' lang='lat' dir='ltr'><strong>semina</strong></span> <span class='ocrx_word' id='word_1_95' title='bbox 2059 2339 2255 2417; x_wconf 88' lang='lat' dir='ltr'><strong>aquai</strong></span> 
     </span>
    </p>

    <p class='ocr_par' dir='ltr' id='par_1_9' title="bbox 448 2450 2138 2529">
     <span class='ocr_line' id='line_1_18' title="bbox 448 2450 2138 2529; baseline -0.001 -16"><span class='ocrx_word' id='word_1_96' title='bbox 448 2453 660 2515; x_wconf 88' lang='lat' dir='ltr'><strong>multa</strong></span> <span class='ocrx_word' id='word_1_97' title='bbox 693 2452 888 2515; x_wconf 89' lang='lat' dir='ltr'><strong>simul</strong></span> <span class='ocrx_word' id='word_1_98' title='bbox 920 2452 1184 2515; x_wconf 90' lang='lat' dir='ltr'><strong>uincam</strong></span> <span class='ocrx_word' id='word_1_99' title='bbox 1218 2471 1609 2529; x_wconf 85' lang='lat' dir='ltr'><strong>consurgere</strong></span> <span class='ocrx_word' id='word_1_100' title='bbox 1644 2451 1933 2514; x_wconf 93' lang='lat' dir='ltr'><strong>nubibus</strong></span> <span class='ocrx_word' id='word_1_101' title='bbox 1963 2450 2138 2528; x_wconf 88' lang='lat' dir='ltr'><strong>ipsis·</strong></span> 
     </span>
    </p>

    <p class='ocr_par' dir='ltr' id='par_1_10' title="bbox 449 2561 2345 2640">
     <span class='ocr_line' id='line_1_19' title="bbox 449 2561 2345 2640; baseline 0 -17"><span class='ocrx_word' id='word_1_102' title='bbox 449 2562 750 2624; x_wconf 91' lang='lat' dir='ltr'><strong>omnibus</strong></span> <span class='ocrx_word' id='word_1_103' title='bbox 782 2583 861 2625; x_wconf 87' lang='lat' dir='ltr'><strong>ex</strong></span> <span class='ocrx_word' id='word_1_104' title='bbox 892 2564 1090 2625; x_wconf 89' lang='lat' dir='ltr'><strong>rebus</strong></span> <span class='ocrx_word' id='word_1_105' title='bbox 1120 2562 1502 2640; x_wconf 88' lang='lat' dir='ltr'><strong>pariterque</strong></span> <span class='ocrx_word' id='word_1_106' title='bbox 1536 2561 1631 2624; x_wconf 90' lang='lat' dir='ltr'><strong>ita</strong></span> <span class='ocrx_word' id='word_1_107' title='bbox 1667 2582 1952 2624; x_wconf 87' lang='lat' dir='ltr'><strong>crescere</strong></span> <span class='ocrx_word' id='word_1_108' title='bbox 1984 2567 2345 2637; x_wconf 87' lang='lat' dir='ltr'><strong>utrumque</strong></span> 
     </span>
    </p>

    <p class='ocr_par' dir='ltr' id='par_1_11' title="bbox 447 2666 2761 2860">
     <span class='ocr_line' id='line_1_20' title="bbox 450 2666 2761 2749; baseline -0 -16"><span class='ocrx_word' id='word_1_109' title='bbox 450 2677 513 2733; x_wconf 95' lang='lat' dir='ltr'><strong>et</strong></span> <span class='ocrx_word' id='word_1_110' title='bbox 543 2671 739 2736; x_wconf 89' lang='lat' dir='ltr'><strong>nubis</strong></span> <span class='ocrx_word' id='word_1_111' title='bbox 769 2679 832 2736; x_wconf 91' lang='lat' dir='ltr'><strong>et</strong></span> <span class='ocrx_word' id='word_1_112' title='bbox 866 2693 1104 2749; x_wconf 88' lang='lat' dir='ltr'><strong>aquam</strong></span> <span class='ocrx_word' id='word_1_113' title='bbox 1135 2692 1580 2749; x_wconf 87' lang='lat' dir='ltr'><strong>quaecumque</strong></span> <span class='ocrx_word' id='word_1_114' title='bbox 1612 2670 1684 2732; x_wconf 93' lang='lat' dir='ltr'><strong>in</strong></span> <span class='ocrx_word' id='word_1_115' title='bbox 1713 2670 2001 2734; x_wconf 90' lang='lat' dir='ltr'><strong>nubibus</strong></span> <span class='ocrx_word' id='word_1_116' title='bbox 2033 2676 2233 2746; x_wconf 86' lang='lat' dir='ltr'><strong>extat,</strong></span> <span class='ocrx_word' id='word_1_117' title='bbox 2658 2666 2761 2716; x_wconf 90' lang='lat'><strong>500</strong></span> 
     </span>
     <span class='ocr_line' id='line_1_21' title="bbox 447 2780 2123 2860; baseline 0 -17"><span class='ocrx_word' id='word_1_118' title='bbox 447 2789 524 2844; x_wconf 93' lang='lat' dir='ltr'><strong>ut</strong></span> <span class='ocrx_word' id='word_1_119' title='bbox 557 2781 812 2860; x_wconf 88' lang='lat' dir='ltr'><strong>pariter</strong></span> <span class='ocrx_word' id='word_1_120' title='bbox 842 2782 1028 2845; x_wconf 89' lang='lat' dir='ltr'><strong>nobis</strong></span> <span class='ocrx_word' id='word_1_121' title='bbox 1062 2802 1301 2860; x_wconf 87' lang='lat' dir='ltr'><strong>corpus</strong></span> <span class='ocrx_word' id='word_1_122' title='bbox 1335 2803 1482 2844; x_wconf 87' lang='lat' dir='ltr'><strong>cum</strong></span> <span class='ocrx_word' id='word_1_123' title='bbox 1516 2780 1837 2858; x_wconf 84' lang='lat' dir='ltr'><strong>sanguine</strong></span> <span class='ocrx_word' id='word_1_124' title='bbox 1873 2780 2123 2856; x_wconf 90' lang='lat' dir='ltr'><strong>crescit,</strong></span> 
     </span>
    </p>

    <p class='ocr_par' dir='ltr' id='par_1_12' title="bbox 447 2890 2527 3080">
     <span class='ocr_line' id='line_1_22' title="bbox 447 2890 2527 2970; baseline -0.001 -16"><span class='ocrx_word' id='word_1_125' title='bbox 447 2893 650 2954; x_wconf 91' lang='lat' dir='ltr'><strong>sudor</strong></span> <span class='ocrx_word' id='word_1_126' title='bbox 681 2891 838 2953; x_wconf 90' lang='lat' dir='ltr'><strong>item</strong></span> <span class='ocrx_word' id='word_1_127' title='bbox 873 2899 1069 2970; x_wconf 93' lang='lat' dir='ltr'><strong>atque</strong></span> <span class='ocrx_word' id='word_1_128' title='bbox 1102 2912 1292 2954; x_wconf 87' lang='lat' dir='ltr'><strong>umor</strong></span> <span class='ocrx_word' id='word_1_129' title='bbox 1325 2891 1721 2969; x_wconf 86' lang='lat' dir='ltr'><strong>quicumque</strong></span> <span class='ocrx_word' id='word_1_130' title='bbox 1756 2898 1851 2953; x_wconf 87' lang='lat' dir='ltr'><strong>est</strong></span> <span class='ocrx_word' id='word_1_131' title='bbox 1885 2890 2169 2968; x_wconf 89' lang='lat' dir='ltr'><strong>denique</strong></span> <span class='ocrx_word' id='word_1_132' title='bbox 2202 2890 2527 2953; x_wconf 90' lang='lat' dir='ltr'><strong>membris.</strong></span> 
     </span>
     <span class='ocr_line' id='line_1_23' title="bbox 447 3001 2352 3080; baseline -0.001 -18"><span class='ocrx_word' id='word_1_133' title='bbox 447 3002 829 3080; x_wconf 85' lang='lat' dir='ltr'><strong>concipiunt</strong></span> <span class='ocrx_word' id='word_1_134' title='bbox 867 3002 1065 3065; x_wconf 88' lang='lat' dir='ltr'><strong>etiam</strong></span> <span class='ocrx_word' id='word_1_135' title='bbox 1102 3004 1386 3065; x_wconf 90' lang='lat' dir='ltr'><strong>multum</strong></span> <span class='ocrx_word' id='word_1_136' title='bbox 1423 3021 1681 3079; x_wconf 94' lang='lat' dir='ltr'><strong>quoque</strong></span> <span class='ocrx_word' id='word_1_137' title='bbox 1720 3021 1911 3079; x_wconf 89' lang='lat' dir='ltr'><strong>saepe</strong></span> <span class='ocrx_word' id='word_1_138' title='bbox 1948 3001 2279 3063; x_wconf 87' lang='lat' dir='ltr'><strong>marinum</strong></span> <span class='ocrx_word' id='word_1_139' title='bbox 2342 3050 2352 3059; x_wconf 93' lang='lat'>.</span> 
     </span>
    </p>

    <p class='ocr_par' dir='ltr' id='par_1_13' title="bbox 445 3110 1935 3189">
     <span class='ocr_line' id='line_1_24' title="bbox 445 3110 1935 3189; baseline 0 -18"><span class='ocrx_word' id='word_1_140' title='bbox 445 3130 757 3187; x_wconf 91' lang='lat' dir='ltr'><strong>umorem,</strong></span> <span class='ocrx_word' id='word_1_141' title='bbox 794 3110 1007 3173; x_wconf 90' lang='lat' dir='ltr'><strong>ueluti</strong></span> <span class='ocrx_word' id='word_1_142' title='bbox 1043 3110 1404 3189; x_wconf 87' lang='lat' dir='ltr'><strong>pendentia</strong></span> <span class='ocrx_word' id='word_1_143' title='bbox 1440 3111 1691 3173; x_wconf 87' lang='lat' dir='ltr'><strong>uellera</strong></span> <span class='ocrx_word' id='word_1_144' title='bbox 1726 3111 1935 3186; x_wconf 89' lang='lat' dir='ltr'><strong>lanae,</strong></span> 
     </span>
    </p>

    <p class='ocr_par' dir='ltr' id='par_1_14' title="bbox 447 3218 2761 3393">
     <span class='ocr_line' id='line_1_25' title="bbox 447 3218 2761 3298; baseline 0 -17"><span class='ocrx_word' id='word_1_145' title='bbox 447 3240 595 3282; x_wconf 92' lang='lat' dir='ltr'><strong>cum</strong></span> <span class='ocrx_word' id='word_1_146' title='bbox 629 3240 870 3298; x_wconf 90' lang='lat' dir='ltr'><strong>supera</strong></span> <span class='ocrx_word' id='word_1_147' title='bbox 901 3240 1214 3298; x_wconf 87' lang='lat' dir='ltr'><strong>magnum</strong></span> <span class='ocrx_word' id='word_1_148' title='bbox 1246 3241 1426 3283; x_wconf 91' lang='lat' dir='ltr'><strong>mare</strong></span> <span class='ocrx_word' id='word_1_149' title='bbox 1458 3220 1646 3283; x_wconf 92' lang='lat' dir='ltr'><strong>uenti</strong></span> <span class='ocrx_word' id='word_1_150' title='bbox 1678 3219 1910 3282; x_wconf 92' lang='lat' dir='ltr'><strong>nubila</strong></span> <span class='ocrx_word' id='word_1_151' title='bbox 1944 3226 2235 3297; x_wconf 88' lang='lat' dir='ltr'><strong>portant.</strong></span> <span class='ocrx_word' id='word_1_152' title='bbox 2657 3218 2761 3267; x_wconf 86' lang='lat'><strong>505</strong></span> 
     </span>
     <span class='ocr_line' id='line_1_26' title="bbox 447 3318 2062 3393; baseline -0.001 -1"><span class='ocrx_word' id='word_1_153' title='bbox 447 3328 767 3392; x_wconf 83' lang='lat' dir='ltr'><strong>consimili</strong></span> <span class='ocrx_word' id='word_1_154' title='bbox 801 3329 1056 3392; x_wconf 87' lang='lat' dir='ltr'><strong>ratione</strong></span> <span class='ocrx_word' id='word_1_155' title='bbox 1090 3352 1168 3393; x_wconf 88' lang='lat' dir='ltr'><strong>ex</strong></span> <span class='ocrx_word' id='word_1_156' title='bbox 1203 3318 1503 3392; x_wconf 86' lang='lat' dir='ltr'><strong>omnibus</strong></span> <span class='ocrx_word' id='word_1_157' title='bbox 1536 3330 1841 3393; x_wconf 88' lang='lat' dir='ltr'><strong>amnibus</strong></span> <span class='ocrx_word' id='word_1_158' title='bbox 1871 3350 2062 3391; x_wconf 92' lang='lat' dir='ltr'><strong>umor</strong></span> 
     </span>
    </p>

    <p class='ocr_par' dir='ltr' id='par_1_15' title="bbox 446 3439 2288 3517">
     <span class='ocr_line' id='line_1_27' title="bbox 446 3439 2288 3517; baseline 0 -16"><span class='ocrx_word' id='word_1_159' title='bbox 446 3439 707 3502; x_wconf 91' lang='lat' dir='ltr'><strong>tollitur</strong></span> <span class='ocrx_word' id='word_1_160' title='bbox 739 3439 809 3500; x_wconf 91' lang='lat' dir='ltr'><strong>in</strong></span> <span class='ocrx_word' id='word_1_161' title='bbox 841 3441 1066 3502; x_wconf 88' lang='lat' dir='ltr'><strong>nubes.</strong></span> <span class='ocrx_word' id='word_1_162' title='bbox 1145 3460 1276 3516; x_wconf 90' lang='lat' dir='ltr'><strong>quo</strong></span> <span class='ocrx_word' id='word_1_163' title='bbox 1308 3461 1455 3502; x_wconf 91' lang='lat' dir='ltr'><strong>cum</strong></span> <span class='ocrx_word' id='word_1_164' title='bbox 1486 3442 1650 3503; x_wconf 91' lang='lat' dir='ltr'><strong>bene</strong></span> <span class='ocrx_word' id='word_1_165' title='bbox 1683 3440 1931 3502; x_wconf 90' lang='lat' dir='ltr'><strong>semina</strong></span> <span class='ocrx_word' id='word_1_166' title='bbox 1964 3460 2288 3517; x_wconf 87' lang='lat' dir='ltr'><strong>aquarum</strong></span> 
     </span>
    </p>

    <p class='ocr_par' dir='ltr' id='par_1_16' title="bbox 445 3549 2207 3626">
     <span class='ocr_line' id='line_1_28' title="bbox 445 3549 2207 3626; baseline 0.001 -17"><span class='ocrx_word' id='word_1_167' title='bbox 445 3550 655 3612; x_wconf 91' lang='lat' dir='ltr'><strong>multa</strong></span> <span class='ocrx_word' id='word_1_168' title='bbox 687 3549 895 3611; x_wconf 88' lang='lat' dir='ltr'><strong>modis</strong></span> <span class='ocrx_word' id='word_1_169' title='bbox 924 3549 1153 3611; x_wconf 91' lang='lat' dir='ltr'><strong>multis</strong></span> <span class='ocrx_word' id='word_1_170' title='bbox 1183 3570 1546 3613; x_wconf 92' lang='lat' dir='ltr'><strong>conuenere</strong></span> <span class='ocrx_word' id='word_1_171' title='bbox 1576 3549 1872 3626; x_wconf 91' lang='lat' dir='ltr'><strong>undique</strong></span> <span class='ocrx_word' id='word_1_172' title='bbox 1906 3550 2207 3625; x_wconf 88' lang='lat' dir='ltr'><strong>adaucta,</strong></span> 
     </span>
    </p>

    <p class='ocr_par' dir='ltr' id='par_1_17' title="bbox 445 3658 2151 3730">
     <span class='ocr_line' id='line_1_29' title="bbox 445 3658 2151 3730; baseline 0.001 -10"><span class='ocrx_word' id='word_1_173' title='bbox 445 3658 782 3722; x_wconf 80' lang='lat' dir='ltr'><strong>confertae</strong></span> <span class='ocrx_word' id='word_1_174' title='bbox 816 3660 1021 3721; x_wconf 87' lang='lat' dir='ltr'><strong>nubes</strong></span> <span class='ocrx_word' id='word_1_175' title='bbox 1064 3658 1369 3730; x_wconf 93' lang='lat' dir='ltr'><strong>&lt;imbris</strong></span> <span class='ocrx_word' id='word_1_176' title='bbox 1400 3660 1553 3730; x_wconf 92' lang='lat' dir='ltr'><strong>de&gt;</strong></span> <span class='ocrx_word' id='word_1_177' title='bbox 1597 3659 1859 3721; x_wconf 88' lang='lat' dir='ltr'><strong>mittere</strong></span> <span class='ocrx_word' id='word_1_178' title='bbox 1893 3666 2151 3722; x_wconf 87' lang='lat' dir='ltr'><strong>certant</strong></span> 
     </span>
    </p>

    <p class='ocr_par' dir='ltr' id='par_1_18' title="bbox 445 3766 2757 3955">
     <span class='ocr_line' id='line_1_30' title="bbox 445 3766 2757 3848; baseline 0.001 -19"><span class='ocrx_word' id='word_1_179' title='bbox 445 3768 837 3846; x_wconf 84' lang='lat' dir='ltr'><strong>dupliciter3</strong></span> <span class='ocrx_word' id='word_1_180' title='bbox 881 3768 1067 3843; x_wconf 93' lang='lat' dir='ltr'><strong>(nam</strong></span> <span class='ocrx_word' id='word_1_181' title='bbox 1096 3768 1200 3831; x_wconf 89' lang='lat' dir='ltr'><strong>uis</strong></span> <span class='ocrx_word' id='word_1_182' title='bbox 1228 3768 1416 3831; x_wconf 92' lang='lat' dir='ltr'><strong>uenti</strong></span> <span class='ocrx_word' id='word_1_183' title='bbox 1448 3768 1789 3831; x_wconf 81' lang='lat' dir='ltr'><strong>contrudit</strong></span> <span class='ocrx_word' id='word_1_184' title='bbox 1821 3775 1884 3831; x_wconf 91' lang='lat' dir='ltr'><strong>et</strong></span> <span class='ocrx_word' id='word_1_185' title='bbox 1915 3767 2057 3846; x_wconf 86' lang='lat' dir='ltr'><strong>ipsa</strong></span> <span class='ocrx_word' id='word_1_186' title='bbox 2654 3766 2757 3848; x_wconf 68' lang='lat'><strong>510</strong></span> 
     </span>
     <span class='ocr_line' id='line_1_31' title="bbox 445 3877 1798 3955; baseline 0.001 -15"><span class='ocrx_word' id='word_1_187' title='bbox 445 3878 632 3955; x_wconf 89' lang='lat' dir='ltr'><strong>copia</strong></span> <span class='ocrx_word' id='word_1_188' title='bbox 663 3877 1034 3941; x_wconf 88' lang='lat' dir='ltr'><strong>nimborum</strong></span> <span class='ocrx_word' id='word_1_189' title='bbox 1067 3880 1267 3941; x_wconf 89' lang='lat' dir='ltr'><strong>turba</strong></span> <span class='ocrx_word' id='word_1_190' title='bbox 1295 3878 1540 3941; x_wconf 91' lang='lat' dir='ltr'><strong>maiore</strong></span> <span class='ocrx_word' id='word_1_191' title='bbox 1574 3885 1798 3941; x_wconf 87' lang='lat' dir='ltr'><strong>coacta</strong></span> 
     </span>
    </p>
   </div>
   <div class='ocr_carea' id='block_1_7' title="bbox 464 4009 1302 4070">
    <p class='ocr_par' dir='ltr' id='par_1_19' title="bbox 464 4009 1302 4070">
     <span class='ocr_line' id='line_1_32' title="bbox 464 4009 1302 4070; baseline 0.002 -13"><span class='ocrx_word' id='word_1_192' title='bbox 464 4009 568 4058; x_wconf 87' lang='grc'><strong>490</strong></span> <span class='ocrx_word' id='word_1_193' title='bbox 588 4009 798 4059; x_wconf 90' lang='lat' dir='ltr'><strong>montis</strong></span> <span class='ocrx_word' id='word_1_194' title='bbox 867 4009 1000 4070; x_wconf 74' lang='lat' dir='ltr'><strong>fort.</strong></span> <span class='ocrx_word' id='word_1_195' title='bbox 1033 4010 1302 4060; x_wconf 89' lang='lat' dir='ltr'><strong>monstris</strong></span> 
     </span>
    </p>
   </div>
   <div class='ocr_carea' id='block_1_8' title="bbox 1435 4212 1587 4265">
    <p class='ocr_par' dir='ltr' id='par_1_20' title="bbox 1435 4212 1587 4265">
     <span class='ocr_line' id='line_1_33' title="bbox 1435 4212 1587 4265; baseline 0.013 -12"><span class='ocrx_word' id='word_1_196' title='bbox 1435 4212 1587 4265; x_wconf 63' lang='lat'><strong>[231]</strong></span> 
     </span>
    </p>
   </div>
  </div>
 </body>
</html>
