3182 4602
1177 372 1237 420 T.
1279 371 1520 423 LVGRE
1526 372 1606 420 TI
1646 370 1825 422 CARI

428 582 646 646 finiti?
678 603 889 661 neque
923 583 1096 646 enim
1129 585 1442 647 caderent
1475 585 1704 648 auolsa
1735 590 2025 664 repente,
2640 579 2745 630 315

430 714 511 756 ex
543 693 806 756 infinito
836 714 1003 771 quae
1036 700 1330 772 tempore
1365 694 1876 772 pertolerassent

430 802 651 866 omnia
679 809 1010 874 tormenta
1041 803 1277 867 aetatis
1309 803 1582 882 priuata
1614 803 1901 881 fragore.

562 908 906 998 llDenique
938 912 1070 976 iam
1102 920 1288 977 tuere
1322 914 1459 990 hoc,
1495 913 1744 976 circum
1776 932 2109 991 supraque
2144 912 2318 989 quod
2353 931 2609 975 omnem

430 1022 726 1086 continet
754 1023 1063 1101 amplexu
1094 1030 1374 1086 terram:
1409 1022 1466 1085 si
1496 1029 1802 1101 procreat
1833 1044 1912 1087 ex
1942 1042 2008 1084 se

430 1131 667 1210 omnia,
699 1133 875 1209 quod
906 1132 1176 1209 quidam
1205 1139 1590 1210 memorant,
1623 1132 1991 1209 recipitque
2022 1138 2385 1210 perempta,
2640 1128 2743 1178 320

359 1255 369 1262 ’
428 1248 643 1305 totum
674 1242 909 1305 natiuo
940 1263 1014 1305 ac
1048 1242 1316 1305 mortali
1348 1262 1621 1320 corpore
1656 1247 1932 1304 constat.

430 1371 584 1414 ‘nam
615 1352 1070 1428 quodcumque
1102 1351 1266 1415 alias
1294 1373 1374 1415 ex
1403 1372 1468 1415 se
1498 1373 1603 1414 res
1636 1357 1834 1429 auget
1864 1351 2133 1428 alitque,

429 1461 724 1524 deminui
761 1462 972 1538 debet,
1010 1462 1315 1538 recreari,
1355 1481 1502 1524 cum
1539 1460 1778 1537 recipit
1812 1455 1980 1546 real}

898 1566 1155 1633 QVARE
1201 1566 1500 1617 NATIVA
1544 1566 1804 1617 OMNIA
1849 1566 2079 1617 DICAT

468 1656 907 1719 —Praeterea
943 1656 1000 1718 si
1035 1656 1224 1720 nulla
1259 1656 1396 1719 fuit
1431 1656 1741 1734 genitalis
1779 1655 1963 1733 origo

429 1771 761 1828 terrarum
792 1772 856 1828 et
887 1766 1050 1828 caeli
1081 1785 1464 1843 semperque
1497 1773 1769 1829 aeterna
1797 1765 2007 1842 fuere,
2042 1766 2047 1770 '
2642 1760 2744 1809 325

430 1896 548 1937 cur
582 1895 823 1953 supera
855 1876 1101 1938 bellum
1139 1876 1522 1938 Thebanum
1556 1882 1621 1939 et
1655 1875 1898 1938 funera
1933 1875 2166 1938 Troiae

429 2005 563 2046 non
595 1985 758 2048 alias
791 1985 906 2048 alii
939 2006 1196 2063 quoque
1227 2005 1332 2047 res
1365 1985 1656 2048 cecinere
1688 1988 1960 2063 poetae?

431 2114 560 2171 quo
590 2101 690 2158 tot
723 2095 906 2158 facta
937 2095 1162 2166 uirum
1195 2095 1437 2158 totiens
1470 2095 1760 2158 cecidere
1792 2115 2004 2172 neque
2036 2114 2315 2171 usquam

430 2204 715 2266 aeternis
751 2204 968 2267 famae
1003 2204 1422 2267 monimentis
1457 2204 1663 2268 insita
1695 2204 1973 2266 florent?

427 2322 680 2391 uerum,
714 2321 793 2378 ut
827 2315 1081 2392 opinor,
1115 2316 1313 2378 habet
1345 2315 1712 2379 nouitatem
1747 2336 2000 2378 summa
2035 2334 2385 2392 recensque
2642 2312 2743 2361 330

427 2430 737 2487 naturast
772 2424 1006 2487 mundi
1042 2444 1252 2501 neque
1289 2425 1548 2503 pridem
1587 2424 1857 2487 exordia
1893 2424 2088 2503 cepit.

344 2555 633 2612 —quare
663 2534 861 2597 etiam
893 2535 1216 2611 quaedam
1247 2555 1425 2597 nunc
1456 2541 1634 2598 artes
1663 2534 2111 2612 expoliuntur,

427 2664 606 2706 nunc
641 2644 850 2707 etiam·
875 2651 1272 2721 augescunt3
1308 2664 1486 2706 nunc
1522 2644 1755 2707 addita
1787 2643 2077 2721 nauigiis
2112 2650 2269 2706 sunt

427 2754 656 2830 multa,
692 2754 887 2816 modo
918 2754 1214 2831 organici
1245 2753 1508 2817 melicos
1540 2773 1855 2832 peperere
1890 2773 2171 2817 sonores.

429 2863 711 2941 denique
743 2870 992 2926 natura
1022 2864 1181 2926 haec
1215 2884 1439 2927 rerum
1471 2863 1772 2940 ratioque
1807 2869 2137 2940 repertast
2640 2860 2744 2910 335

428 2992 663 3050 nuper,
696 2979 761 3036 et
790 2974 961 3035 hanc
990 2973 1246 3051 primus
1277 2994 1427 3036 cum
1457 2973 1693 3050 primis
1721 2972 1860 3051 ipse
1890 2979 2196 3051 repertus

428 3102 605 3145 nunc
635 3102 756 3160 ego
783 3088 928 3145 sum
960 3082 1031 3144 in
1062 3083 1317 3160 patrias
1348 3082 1462 3160 qui
1491 3082 1734 3161 possim
1763 3089 2023 3145 uertere
2053 3102 2263 3145 uoces.

341 3193 604 3269 —quod
636 3192 692 3253 si
725 3192 901 3256 forte
935 3192 1142 3255 fuisse
1175 3193 1452 3256 antehac
1485 3182 1711 3256 eadem
1744 3192 1964 3255 omnia
1997 3192 2229 3269 crediS,

428 3302 541 3363 sed
576 3301 847 3379 periisse
881 3301 1222 3365 hominum
1256 3302 1539 3365 torrenti
1575 3303 1790 3365 saecla
1822 3322 2089 3380 uapore,

431 3416 546 3473 aut
579 3411 886 3475 cecidisse
915 3412 1102 3475 urbis
1130 3432 1372 3490 magno
1399 3412 1746 3476 nexamine
1776 3412 2030 3488 mundi,
2640 3408 2743 3457 340

431 3526 547 3583 aut
581 3541 659 3582 ex
693 3521 1013 3584 imbribus
1049 3521 1346 3585 adsiduis
1380 3521 1584 3583 exisse
1619 3534 1891 3599 rapaces

431 3650 549 3706 per
582 3637 797 3693 terras
833 3651 1055 3694 amnes
1090 3638 1286 3708 atque
1323 3631 1570 3709 oppida
1608 3630 2036 3709 cooperuisse,

430 3745 617 3802 tanto
649 3740 892 3817 quique
923 3740 1136 3818 magis
1164 3740 1384 3803 uictus
1417 3741 1673 3804 fateare
1706 3747 2025 3803 necessest

433 3849 705 3917 exitium
739 3870 996 3927 quoque
1031 3857 1364 3913 terrarum
1398 3850 1692 3927 caelique
1728 3850 2057 3913 futurum.

454 3980 554 4029 328
575 3980 708 4043 fort.
739 3995 835 4031 cur

1421 4153 1569 4205 [175]
