3182 4602
1115 382 1180 463 r.-
1217 413 1545 465 LVGBETI
1584 413 1763 465 CARI

371 625 770 703 eiectamque
803 626 1005 705 foras,
1041 647 1174 690 non
1209 648 1481 705 omnem,
1515 649 1801 707 namque
1834 629 2077 693 iaceret

369 742 638 799 aeterno
672 756 914 815 corpus
948 736 1298 815 perfusum
1335 737 1588 817 frigore
1624 738 1761 802 leti.

286 845 635 923 —quippe,
669 846 785 908 ubi
815 848 1005 910 nulla
1033 848 1247 911 latens
1281 847 1527 911 animai
1559 868 1719 927 pars
1752 854 2121 911 remane-ret

367 954 439 1016 in
467 955 795 1033 membris,
828 956 1045 1023 cinere
1075 964 1152 1020 ut
1181 958 1394 1020 multa
1424 959 1588 1020 latet
1620 958 1898 1020 obrutus
1928 957 2121 1035 ignis,

309 1052 314 1058 ’
365 1066 544 1128 unde
581 1066 930 1129 reconflari
963 1086 1193 1129 sensus
1228 1087 1348 1145 per
1384 1068 1677 1130 membra
1715 1073 1985 1145 repente

367 1182 605 1253 posset,
636 1182 716 1239 ut
748 1197 827 1240 ex
859 1176 1001 1254 igni
1033 1197 1222 1240 caeco
1253 1196 1646 1255 consurgere
1678 1177 1984 1240 flamma?

494 1369 626 1433 Sed
663 1370 901 1447 quibus
934 1372 1094 1434 haec
1130 1373 1325 1434 rebus
1360 1371 1627 1434 nouitas
1662 1371 1902 1434 confiat
1940 1379 2004 1435 et
2040 1373 2218 1442 unde

367 1480 752 1557 perturbari
785 1480 1006 1543 anima
1038 1488 1103 1544 et
1137 1500 1376 1567 corpus
1407 1483 1830 1559 languescere
1864 1481 2090 1559 possit,

368 1589 747 1667 expediam:
779 1597 856 1653 tu
885 1589 996 1653 fac
1024 1611 1107 1654 ne
1137 1590 1356 1654 uentis
1384 1592 1594 1654 uerba
1621 1590 2049 1669 profundam.

285 1699 702 1778 —principio
731 1706 1005 1763 externa
1033 1720 1272 1778 corpus
1304 1702 1383 1763 de
1415 1707 1607 1779 parte
1641 1720 1974 1764 necessum
2005 1707 2122 1778 est,

368 1809 564 1871 aeriis
596 1809 906 1886 quoniam
935 1810 1233 1873 uicinum
1263 1810 1567 1888 tangitur
1601 1810 1802 1888 auris,

367 1918 639 1981 tundier
668 1926 865 1997 atque
896 1920 1036 1983 eius
1065 1922 1295 1983 crebro
1324 1920 1655 1998 pulsarier
1685 1920 1843 1997 ictu,

368 2035 850 2108 proptereaque
883 2029 1027 2093 fere
1060 2050 1164 2092 res
1197 2050 1416 2093 omnes
1450 2037 1567 2093 aut
1600 2029 1777 2093 corio
1808 2036 1964 2093 sunt

369 2145 486 2201 aut
517 2138 722 2229 etiam·
747 2139 1008 2201 conchis
1040 2147 1157 2203 aut
1190 2141 1358 2202 callo
1388 2146 1505 2203 aut
1537 2140 1777 2203 cortice
1807 2146 2037 2203 tectae.

364 2248 747 2313 interiorem
776 2248 974 2313 etiam
1004 2256 1264 2328 partem
1291 2249 1705 2329 spirantibus
1735 2271 1847 2314 aer

366 2359 677 2422 uerberat
708 2359 814 2421 hic
848 2359 1039 2436 idem,
1074 2381 1222 2422 cum
1256 2360 1528 2423 ducitur
1561 2367 1759 2437 atque
1792 2359 2087 2423 reflatur.

285 2488 573 2546 —quare
603 2469 938 2546 utrimque
971 2489 1154 2532 secus
1186 2491 1336 2533 cum
1367 2489 1607 2547 corpus
1639 2470 1916 2548 uapulet
1951 2476 2016 2533 et
2048 2490 2196 2532 cum

366 2578 764 2656 perueniant
797 2580 1031 2657 plagae
1064 2600 1184 2657 per
1216 2600 1431 2658 parua
1461 2579 1794 2642 foramina
1824 2579 2014 2642 nobis

368 2688 662 2767 corporis
695 2690 781 2752 ad
815 2689 1067 2766 primas
1096 2689 1309 2767 partis
1343 2690 1792 2766 elementaque
1827 2689 2063 2766 prima,

365 2797 442 2861 fit
475 2798 665 2876 quasi
696 2799 1021 2876 paulatim
1053 2799 1241 2862 nobis
1273 2819 1393 2877 per
1421 2800 1714 2862 membra
1744 2799 1961 2861 ruina.

338 2907 857 2984 (conturbantur
893 2908 1066 2972 enim
1101 2909 1436 2987 positurae
1473 2907 1957 2987 principiorum

368 3017 662 3097 corporis
693 3025 891 3095 atque
923 3018 1180 3095 animi.)
1263 3018 1355 3096 fit
1386 3018 1489 3080 uti
1518 3038 1678 3097 pars
1708 3018 1862 3082 inde
1896 3017 2142 3081 animai

368 3127 647 3190 eiciatur
682 3134 747 3191 et
780 3127 1142 3191 introrsum
1176 3148 1332 3207 pars
1359 3128 1599 3191 'abdita
1631 3129 1839 3205 cedat,

368 3257 526 3314 pars
556 3237 755 3300 etiam
787 3237 1108 3301 distracta
1138 3258 1257 3316 per
1289 3245 1474 3301 artus
1506 3257 1638 3300 non
1672 3244 1869 3315 queat
1902 3256 2036 3300 esse

369 3347 721 3410 coniuncta
752 3346 928 3410 inter
960 3368 1027 3411 se
1061 3368 1271 3425 neque
1303 3354 1486 3411 motu
1518 3354 1756 3410 mutua
1787 3346 2021 3424 fungi3

340 3456 546 3534 (inter
579 3457 754 3521 enim
790 3458 1002 3536 saepit
1037 3465 1258 3521 coetus
1291 3463 1537 3520 natura
1571 3457 1877 3534 uiasque)

371 3589 526 3646 ergo
549 3588 777 3632 sensus
806 3567 944 3631 abit
972 3567 1248 3630 mutatis
1274 3566 1559 3628 motibus
1588 3566 1739 3629 alte.

373 3683 435 3739 et
467 3677 777 3755 quoniam
809 3696 943 3739 non
976 3683 1072 3738 est
1104 3675 1292 3753 quasi
1325 3676 1501 3752 quod
1533 3674 1873 3738 suffulciat
1907 3681 2113 3752 artuS‚

371 3786 582 3850 debile
614 3785 691 3849 fit
724 3805 962 3862 corpus
994 3786 1560 3863 languescuntque
1596 3783 1815 3847 omnia
1845 3786 2153 3861 membra,
2222 3812 2229 3818 ·

368 3895 676 3958 bracchia
711 3895 1195 3973 palpebraeque
1232 3895 1480 3956 cadunt
1512 3893 1932 3972 'poplitesque
1971 3893 2241 3956 cubanti

369 4024 562 4083 saepe
593 4010 815 4067 tamen
849 4003 1336 4066 submittuntur
1368 4003 1666 4080 uirisque
1701 4003 2062 4065 resoluunt.

1359 4185 1506 4240 [151]

2580 845 2685 895 925

2581 1478 2685 1528 930

2580 2027 2685 2077 935

2580 2577 2684 2627 940

2579 3125 2685 3174 945

2579 3673 2682 3723 950
2774 3751 2779 3755 1
