3182 4602
1077 347 1179 397 DE
1216 347 1480 398 RERVM
1515 347 1826 398 NATVRA
1872 347 1952 397 1⁷1

491 562 760 624 soluunt
797 569 992 639 atque
1029 562 1315 625 animam
1348 562 1757 626 labefactant
1792 562 2056 626 sedibus
2090 563 2289 626 intus.

491 672 774 749 denique
804 672 860 734 si
891 672 1123 735 calidis
1154 672 1352 735 etiam
1385 680 1693 735 cunctere
1725 673 2019 736 lauabris

493 782 750 860 plenior
782 789 846 846 et
879 781 1106 858 fueris,
1139 782 1303 845 solio
1332 783 1660 846 feruentis
1692 783 1889 861 aquai
2710 778 2813 827 800

492 912 689 969 quam
722 892 918 955 facile
951 893 1019 955 in
1052 893 1266 956 medio
1295 893 1371 955 fit
1403 893 1504 956 uti
1537 894 1651 955 des
1682 913 1875 970 saepe
1909 892 2171 955 ruinas!

491 1004 976 1081 carbonumque
1009 1002 1236 1080 grauis
1269 1003 1374 1066 uis
1409 1010 1609 1080 atque
1642 1003 1802 1065 odor
1838 1001 2219 1064 insinuatur

492 1132 690 1189 quam
723 1111 918 1175 facile
951 1112 1021 1173 in
1051 1114 1410 1189 cerebrum,
1443 1112 1574 1174 nisi
1607 1133 1845 1190 aquam
1878 1111 2334 1190 praecepimus
2367 1113 2555 1174 ante!

491 1228 561 1284 at
595 1243 744 1284 cum
777 1223 1067 1285 membra
1099 1222 1382 1284 hominis
1417 1222 1715 1300 percepit
1749 1221 2016 1285 feruida
2051 1221 2277 1294 februi,

490 1338 634 1395 tum
663 1331 740 1392 fit
773 1332 932 1395 odor
961 1331 1106 1394 uini
1138 1332 1371 1410 plagae
1404 1331 1775 1394 mactabilis
1804 1331 2035 1394 instar.
2708 1328 2815 1376 805

407 1462 708 1505 —nonne
742 1442 928 1505 uides
961 1441 1158 1505 etiam
1192 1449 1372 1505 terra
1407 1461 1665 1520 quoque
1698 1442 1936 1519 sulpur
1968 1441 2039 1501 in
2074 1441 2219 1518 ipsa

492 1551 749 1630 gignier
784 1559 849 1614 et
883 1559 1097 1614 taetro
1132 1571 1540 1614 concrescere
1576 1552 1773 1613 odore
1809 1551 2149 1614 bitumen?

491 1662 774 1739 denique
807 1662 922 1725 ubi
957 1662 1217 1739 argenti
1252 1682 1459 1725 uenas
1494 1661 1771 1738 aurique
1806 1667 2139 1736 secuntur,

490 1772 697 1835 terrai
729 1772 995 1850 penitus
1028 1779 1399 1835 scrutantes
1433 1770 1661 1835 abdita
1694 1771 1895 1848 ferro,

491 1882 705 1960 qualis
742 1882 997 1961 expiret
1036 1882 1474 1961 Scaptensula
1508 1883 1735 1944 subter
1773 1882 2044 1943 odores?
2708 1876 2814 1926 810

491 1992 736 2069 quidue
771 1992 928 2055 mali
959 1991 1035 2054 fit
1064 1999 1142 2055 ut
1175 1993 1434 2054 exalent
1469 1977 1708 2054 aurata
1742 1991 2041 2053 metalla!

491 2123 654 2180 quas
687 2102 1026 2164 hominum
1061 2103 1352 2165 reddunt
1391 2101 1597 2164 facies
1629 2101 1972 2179 qualisque
2008 2100 2285 2163 colores!

491 2233 706 2276 ‘nonne
739 2212 926 2275 uides
960 2211 1233 2275 audisne
1269 2211 1487 2290 perire
1521 2212 1591 2272 in
1626 2218 1919 2288 tempore
1954 2229 2169 2288 paruo

491 2345 687 2403 quam
719 2324 969 2387 soleant
1002 2330 1066 2386 et
1098 2343 1295 2399 quam
1327 2323 1496 2385 uitai
1529 2322 1718 2401 copia
1752 2321 1940 2397 desit,

491 2454 652 2511 quos
685 2453 876 2511 opere
909 2433 980 2494 in
1012 2432 1134 2495 tali
1163 2432 1418 2496 cohibet
1451 2433 1554 2495 uis
1587 2452 1827 2509 magna
1859 2430 2178 2493 necessis?
2708 2428 2815 2477 815

405 2546 607 2606 —hos
641 2543 848 2621 igitur
880 2544 1078 2606 tellus
1112 2542 1322 2605 omnis
1357 2549 1698 2606 exaestuat
1734 2548 1951 2605 aestus

493 2653 880 2730 expiratque
914 2653 1095 2715 foras
1127 2653 1197 2713 in
1229 2659 1534 2730 apertum
1569 2658 2007 2729 promptaque
2040 2650 2221 2713 caeli.

531 2762 728 2825 —Sic
761 2770 825 2824 et
859 2763 1134 2825 Auerna
1164 2763 1308 2825 loca
1339 2746 2051 2825 alitibus'summittere
2086 2761 2324 2823 debent

492 2872 905 2934 mortiferam
937 2872 1095 2948 uim,
1133 2872 1211 2933 de
1246 2879 1427 2934 terra
1462 2891 1629 2948 quae
1666 2870 1881 2948 surgit
1914 2870 1985 2931 in
2020 2890 2236 2946 auraS‚

492 2991 569 3045 ut
600 2982 890 3061 spatium
923 2982 1086 3044 caeli
1117 2983 1402 3058 quadam
1435 2982 1515 3044 de
1547 2988 1739 3059 parte
1772 2987 2088 3055 uenenet;
2707 2976 2814 3025 820

495 3113 627 3171 quo
654 3092 849 3155 simul
882 3112 956 3155 ac
991 3092 1278 3169 primum
1311 3091 1546 3168 pennis
1579 3091 1801 3153 delata
1833 3089 1918 3152 sit
1954 3090 2105 3165 aleS‚

494 3202 898 3280 impediatur
931 3201 1022 3264 ibi
1056 3221 1244 3263 caeco
1275 3207 1578 3278 correpta
1612 3220 1885 3275 uenenO,
1966 3226 1968 3229 ⁴

493 3319 570 3376 ut
604 3313 798 3375 cadat
830 3333 865 3375 e
899 3311 1162 3389 regione
1195 3310 1338 3387 loci,
1373 3331 1503 3387 qua
1538 3310 1771 3387 dirigit
1806 3316 2042 3372 aestus.

495 3442 624 3499 quo
655 3442 803 3485 cum
833 3420 1115 3497 conruit,
1147 3420 1253 3483 hic
1287 3420 1512 3483 eadem
1543 3419 1648 3482 uis
1681 3419 1859 3481 illius
1893 3426 2111 3482 aestus

495 3532 834 3609 relliquias
863 3530 1043 3594 uitae
1076 3529 1384 3592 membris
1415 3549 1493 3591 ex
1525 3528 1828 3592 omnibus
1859 3528 2103 3591 aufert.
2708 3524 2816 3575 825

493 3622 742 3720 'quippe
774 3641 1015 3705 etenim
1048 3640 1262 3718 primo
1293 3638 1482 3717 quasi
1513 3640 1843 3716 quendam
1875 3637 2125 3701 conciet
2160 3644 2446 3714 aestum3

518 3776 548 3825 7
551 3775 619 3823 99
639 3774 739 3823 alii
766 3772 1016 3824 lavacris

516 3842 618 3891 800
639 3842 876 3891 efflueris
947 3842 1082 3903 fort.
1118 3838 1342 3890 effluviis

519 3911 621 3959 804
642 3910 867 3960 domnus
933 3909 1033 3958 alii
1062 3908 1174 3958 alia

517 3979 619 4028 815
638 3980 924 4028 necessest
995 3976 1130 4038 fort.
1165 3977 1396 4026 coactus

1485 4127 1632 4178 [242]
