3182 4602
1096 382 1198 431 DE
1234 382 1498 432 RERVM
1533 380 1846 432 NATVRA
1884 380 1971 431 IV

507 595 582 659 fit
616 596 805 674 prius
839 598 923 660 ad
955 616 1217 660 sensum
1261 604 1486 669 <ut>
1531 617 1698 675 quae
1734 617 2012 676 corpora
2046 596 2526 660 conueniebant

507 726 687 769 nunc
715 726 848 769 non
879 707 1296 783 conueniant,
1330 714 1394 770 et
1425 716 1646 771 cetera
1675 707 1809 770 sint
1839 707 2047 786 magis
2080 714 2259 785 apta,

509 836 675 894 quae
709 824 1056 894 penetrata
1093 824 1344 894 queunt
1377 837 1641 880 sensum
1676 817 2070 895 progignere
2107 818 2449 893 acerbum3
2725 814 2830 863 670

477 926 792 1003 (utraque
828 926 1001 988 enim
1034 934 1190 989 sunt
1227 926 1297 988 in
1332 910 1542 990 mellis
1576 927 1927 990 commixta
1962 946 2228 1005 sapore;

507 1036 578 1098 id
613 1036 788 1114 quod
820 1036 951 1099 iam
984 1056 1228 1115 supera
1260 1037 1384 1099 tibi
1417 1057 1612 1115 saepe
1646 1036 2051 1100 ostendimus
2085 1037 2302 1113 ante).

1368 1311 1469 1362 DE
1508 1310 1760 1362 ODORE

632 1400 825 1463 Nunc
859 1419 977 1477 age
1011 1420 1143 1477 quo
1174 1408 1370 1478 pacto
1400 1400 1581 1463 naris
1617 1400 1913 1464 adiectus
1947 1400 2166 1463 odoris

505 1514 741 1586 tangat
776 1530 986 1587 agam.
1059 1510 1351 1587 primum
1385 1530 1491 1572 res
1521 1511 1767 1573 multas
1800 1530 1934 1574 esse
1967 1516 2286 1573 necessest

460 1620 464 1625 ’
506 1619 683 1681 unde
716 1618 926 1682 fluens
956 1620 1187 1683 uoluat
1217 1620 1450 1684 uarius
1478 1640 1544 1682 se
1578 1620 1821 1684 fluctus
1851 1620 2146 1696 odorum,
2722 1617 2824 1666 675

507 1735 572 1790 et
607 1728 808 1792 fluere
842 1738 906 1793 et
939 1729 1117 1792 mitti
1149 1731 1347 1808 uolgo
1377 1730 1733 1808 spargique
1768 1731 2241 1808 putandumst3

505 1857 740 1901 uerum
772 1839 922 1903 aliis
945 1839 1122 1903 'alius
1152 1840 1361 1918 magis
1392 1847 1487 1902 est
1522 1839 1971 1903 animantibus
2006 1846 2204 1917 aptus

506 1949 842 2011 dissimilis
876 1956 1151 2026 propter
1183 1948 1450 2012 formas,
1528 1949 1803 2026 ideoque
1837 1970 1956 2027 per
1987 1969 2187 2012 auras

504 2058 716 2120 mellis
748 2079 904 2137 apes
939 2058 1241 2135 quamuis
1274 2059 1465 2136 longe
1500 2059 1842 2121 ducuntur
1876 2059 2093 2134 odore,

504 2167 910 2245 uolturiique
943 2168 1395 2231 cadaueribus
1471 2175 1615 2231 tum
1644 2168 1795 2231 fissa
1828 2168 2126 2231 ferarum
2720 2165 2821 2214 680

504 2279 760 2357 ungula
794 2298 923 2356 quo
958 2278 1190 2342 tulerit
1227 2298 1519 2356 gressum
1555 2278 1878 2356 promissa
1913 2298 2151 2342 canum
2187 2277 2291 2341 uis

505 2389 709 2465 ducit,
745 2395 810 2452 et
844 2389 1207 2451 humanum
1239 2389 1430 2466 longe
1467 2389 1831 2467 praesentit
1868 2389 2134 2452 odorem

507 2498 1010 2562 Romulidarum
1044 2498 1214 2561 arcis
1249 2505 1549 2562 seruator
1584 2498 1909 2561 candidus
1942 2519 2153 2561 anser.

421 2608 596 2671 ——sic
630 2607 776 2671 aliis
809 2608 979 2670 alius
1011 2608 1206 2670 nidor
1235 2609 1435 2671 datus
1467 2609 1552 2672 ad
1585 2629 1707 2672 sua
1736 2628 2057 2686 quemque

505 2718 753 2794 pabula
785 2717 969 2780 ducit
1003 2724 1066 2808 et
1100 2738 1138 2780 a
1169 2724 1384 2780 taetro
1416 2718 1669 2780 resilire
1703 2737 1959 2780 ueneno
2718 2715 2820 2764 685

493 2827 697 2904 cogit,
733 2846 933 2905 eoque
966 2827 1158 2889 modo
1187 2834 1543 2890 seruantur
1576 2828 1789 2890 saecla
1821 2826 2137 2889 ferarum.

631 3021 762 3083 Hic
796 3022 958 3084 odor
992 3021 1131 3099 ipse
1164 3009 1391 3098 igitur,
1426 3019 1609 3084 naris
1644 3021 2039 3098 quicumque
2073 3019 2350 3096 lacessit,
2390 3027 2397 3030 ’

505 3137 601 3193 est
635 3130 767 3194 alio
794 3137 871 3194 ut
905 3131 1110 3208 possit
1142 3130 1442 3208 permitti
1473 3130 1738 3208 longius
1768 3131 1971 3206 alter;

503 3241 618 3304 sed
648 3247 869 3303 tamen
898 3240 1078 3303 haud
1109 3240 1456 3318 quisquam
1485 3246 1626 3303 tam
1654 3241 1846 3317 longe
1877 3239 2097 3303 fertur
2129 3260 2355 3303 eorum

505 3371 703 3427 quam
733 3350 1005 3426 sonituS‚
1038 3370 1233 3426 quam
1264 3369 1414 3426 uox,
1446 3349 1643 3413 mitto
1672 3349 1803 3412 iam
1834 3349 2049 3411 dicere
2083 3369 2280 3427 quam
2309 3368 2416 3411 res
2716 3346 2815 3396 690

505 3480 672 3538 quae
704 3459 961 3523 feriunt
995 3460 1332 3522 oculorum
1363 3459 1534 3522 acies
1562 3459 1910 3535 uisumque
1943 3458 2292 3521 lacessunt.

420 3570 921 3632 —errabundus
954 3568 1127 3630 enim
1159 3569 1350 3631 tarde
1382 3567 1569 3631 uenit
1604 3589 1679 3631 ac
1713 3567 1888 3645 perit
1922 3575 2075 3631 ante

506 3678 830 3757 paulatim
864 3677 1083 3741 facilis
1117 3677 1477 3740 distractus
1509 3677 1579 3739 in
1615 3677 1785 3741 aeris
1819 3698 2051 3753 auras3

505 3809 584 3850 ex
617 3789 754 3853 alto
786 3787 1076 3866 primum
1109 3787 1267 3864 quia
1296 3787 1415 3850 uix
1447 3787 1779 3851 emittitur
1811 3806 1892 3848 ex
1922 3807 2027 3849 re:

473 3899 659 3975 (nam
693 3897 974 3980 penitus,
989 3897 1191 3960 fluere
1223 3903 1420 3974 atque
1453 3897 1755 3959 recedere
1788 3897 1983 3959 rebus
2015 3897 2245 3959 odores
2342 3972 2347 3977 ⁸
2714 3895 2814 3944 695
2920 3915 2925 3920 ·

505 4007 834 4085 significat
868 4007 1041 4083 quod
1078 4005 1299 4069 fracta
1329 4005 1537 4083 magis
1571 4005 1865 4068 redolere
1899 4005 2218 4068 uidentur

1493 4152 1642 4204 [142]
