3182 4602
1191 393 1294 444 DE
1329 393 1595 444 RERVM
1628 392 1939 443 NATVRA
1978 391 2045 443 11

585 605 850 670 sedibus
880 605 952 668 in
985 626 1189 670 curru
1220 605 1478 686 biiugos
1511 606 1766 685 agitare
1800 607 2050 684 leones3

586 715 757 779 aeris
788 715 858 777 in
890 715 1108 795 spatio
1136 736 1443 795 magnam
1475 717 1765 795 pendere
1794 718 2101 780 docentes

586 826 891 889 tellurem
921 845 1134 904 neque
1165 845 1351 905 posse
1380 825 1452 888 in
1482 832 1664 890 terra
1694 825 1923 890 sistere
1954 832 2222 889 terram.

584 934 949 999 adiunxere
976 934 1175 1012 feras,
1205 935 1362 1014 quia
1391 935 1696 1013 quamuis
1724 935 1929 1000 effera
1955 935 2175 1014 proles

587 1044 814 1108 officiis
841 1045 1034 1107 debet
1061 1044 1307 1108 molliri
1335 1044 1517 1108 uicta
1548 1051 1922 1123 parentum.
2798 1039 2899 1090 605

763 1151 1086 1216 <QVARE
1133 1150 1436 1202 CORONA
1487 1150 1833 1202 MVRALIS
1881 1150 2139 1200 DATVR
2188 1149 2532 1208 GYBEL1>

586 1240 956 1318 muralique
990 1246 1191 1318 caput
1224 1259 1550 1303 summum
1583 1238 1847 1303 cinxere
1879 1259 2138 1316 corona,

587 1347 842 1412 eximiis
875 1349 1133 1412 munita
1164 1348 1322 1412 locis
1355 1349 1516 1426 quia
1544 1349 1826 1412 sustinet
1858 1350 2089 1426 urbes3

507 1457 512 1462 ’
586 1478 719 1535 quo
747 1479 925 1521 nunc
957 1458 1204 1537 insigni
1234 1478 1354 1537 per
1385 1479 1659 1538 magnas
1691 1457 1997 1537 praedita
2027 1464 2243 1521 terras

584 1567 888 1631 horrifice
921 1567 1142 1632 fertur
1177 1567 1445 1632 diuinae
1480 1569 1715 1631 matris
1749 1567 1983 1647 imago.

499 1679 756 1740 —hanc
784 1677 1014 1742 uariae
1044 1684 1272 1756 gentes
1299 1677 1576 1755 antiquo
1602 1697 1780 1742 more
1810 1697 2148 1741 sacrorum
2799 1673 2899 1724 610

587 1787 856 1850 Idaeam
889 1787 1188 1851 uocitant
1223 1794 1502 1850 matrem
1535 1787 1991 1866 Phrygiasque
2027 1792 2329 1850 cateruas
2372 1796 2377 1802 “

585 1897 753 1960 dant
779 1897 1062 1973 comites,
1094 1897 1251 1975 quia
1278 1897 1568 1976 primum
1598 1918 1678 1961 ex
1703 1896 1835 1959 illis
1862 1895 2105 1959 finibus
2134 1897 2344 1960 edunt

586 2027 706 2086 per
736 2013 1069 2070 terrarum
1100 2008 1321 2070 orbem
1352 2006 1584 2085 fruges
1614 2005 1898 2085 coepisse
1929 2005 2159 2069 creari.

584 2117 796 2195 yallos
823 2116 1222 2193 attribuunt,
1256 2115 1431 2195 quia,
1463 2137 1709 2179 numen
1738 2115 1854 2194 qui
1883 2115 2205 2179 uiolarint

585 2225 818 2289 matris
850 2232 916 2289 et
947 2226 1198 2305 ingrati
1228 2225 1636 2305 genitoribus
1670 2225 1930 2288 inuenti
1959 2225 2114 2303 sint,
2574 2267 2583 2276 -
2798 2222 2899 2272 615

585 2336 956 2415 significare
982 2338 1221 2400 uolunt
1247 2336 1554 2414 indignos
1581 2356 1717 2400 esse
1743 2337 2094 2415 putandos,

584 2446 814 2509 uiuam
844 2446 1223 2525 progeniem
1252 2446 1369 2523 qui
1400 2446 1470 2507 in
1502 2466 1651 2509 oras
1681 2445 1951 2509 luminis
1980 2445 2224 2509 edant.-

588 2560 908 2635 tympana
938 2562 1128 2619 tenta
1154 2562 1391 2619 tonant
1425 2555 1663 2634 palmis
1694 2561 1758 2618 et
1790 2555 2091 2632 cymbala
2120 2554 2369 2617 circum

585 2685 892 2742 concaua,
929 2666 1400 2743 raucisonoque
1436 2665 1781 2728 minantur
1815 2684 2063 2727 cornua
2096 2670 2317 2740 canta,

585 2781 651 2837 et
683 2774 978 2852 Phrygio
1007 2775 1305 2838 stimulat
1337 2794 1614 2837 numero
1642 2794 1807 2837 caua
1837 2773 2002 2837 tibia
2034 2772 2291 2850 mentis,
2799 2769 2896 2821 620

587 2885 845 2961 telaque
878 2890 1314 2963 praeportant
1347 2884 1627 2947 uiolenti
1659 2883 1850 2961 signa
1882 2882 2153 2960 furoriS,

585 2992 882 3070 ingratos
914 2994 1164 3057 animos
1195 3000 1391 3071 atque
1422 2993 1629 3071 impia
1660 2999 1928 3072 pectora
1956 2992 2139 3070 uolgi

585 3110 958 3165 conterrere
991 3110 1171 3165 metu
1204 3123 1369 3180 quae
1406 3101 1663 3181 possint
1693 3101 1962 3166 numine
1994 3101 2213 3165 diuae.

499 3232 743 3290 —ergo
774 3233 923 3275 eum
956 3212 1244 3290 primum
1276 3232 1551 3290 magnas
1580 3212 1846 3275 inuecta
1877 3231 1997 3290 per
2025 3211 2213 3273 urbis

585 3321 927 3385 munificat
959 3322 1164 3384 tacita
1196 3322 1492 3384 mortalis
1526 3328 1711 3384 muta
1745 3322 1977 3397 salute,
2797 3316 2895 3367 625

587 3452 735 3495 aere
767 3438 965 3509 atque
995 3438 1271 3510 argento
1297 3436 1609 3494 sternunt
1637 3430 1765 3493 iter
1796 3450 1982 3493 omne
2014 3429 2281 3493 uiarum

584 3540 882 3619 largifica
911 3540 1080 3618 stipe
1114 3540 1403 3603 ditantes
1431 3540 1849 3618 ninguntque
1883 3559 2183 3603 rosarum

585 3651 858 3713 floribus
887 3652 1270 3713 umbrantes
1299 3657 1577 3713 matrem
1611 3649 2050 3727 comitumque
2083 3655 2403 3712 cateruas.

497 3761 690 3824 —hie
725 3767 982 3824 armata
1015 3780 1267 3837 manuS,
1305 3760 1586 3823 Curetas
1618 3759 1879 3823 nomine
1917 3758 2079 3823 Grai

608 3894 708 3942 613
731 3892 895 3943 orbes

608 3960 708 4010 623
729 3960 874 4021 ναῖς.
903 3958 1140 4009 numini’

1594 4162 1706 4213 [60]
